<?xml version="1.0" encoding="UTF-8"?>
<collection xmlns="http://www.loc.gov/MARC21/slim">
  <record>
    <leader>00941nam a22002651  4500</leader>
    <controlfield tag="001">a115472</controlfield>
    <controlfield tag="008">740123s1966    ii a          000 0 eng  </controlfield>
    <datafield tag="010" ind1=" " ind2=" ">
      <subfield code="a">sa 67000285</subfield>
    </datafield>
    <datafield tag="025" ind1=" " ind2=" ">
      <subfield code="a">PL480:I-E-7332</subfield>
    </datafield>
    <datafield tag="035" ind1=" " ind2=" ">
      <subfield code="a">(OCoLC-M)2631949</subfield>
    </datafield>
    <datafield tag="040" ind1=" " ind2=" ">
      <subfield code="a">DLC</subfield>
      <subfield code="c">DLC</subfield>
      <subfield code="d">m.c.</subfield>
      <subfield code="d">m/c</subfield>
      <subfield code="d">OrLoB</subfield>
    </datafield>
    <datafield tag="043" ind1=" " ind2=" ">
      <subfield code="a">a-ii---</subfield>
    </datafield>
    <datafield tag="049" ind1=" " ind2=" ">
      <subfield code="a">STFA</subfield>
      <subfield code="c">1</subfield>
    </datafield>
    <datafield tag="050" ind1="0" ind2=" ">
      <subfield code="a">HC241.25.I4</subfield>
      <subfield code="b">D47</subfield>
    </datafield>
    <datafield tag="082" ind1=" " ind2=" ">
      <subfield code="a">382.9142</subfield>
    </datafield>
    <datafield tag="100" ind1="0" ind2=" ">
      <subfield code="a">Dharma Kumar.</subfield>
    </datafield>
    <datafield tag="245" ind1="1" ind2="0">
      <subfield code="a">India and the European Economic Community.</subfield>
    </datafield>
    <datafield tag="260" ind1=" " ind2=" ">
      <subfield code="a">Bombay,</subfield>
      <subfield code="a">New York,</subfield>
      <subfield code="b">Asia Pub. House</subfield>
      <subfield code="c">[1966]</subfield>
    </datafield>
    <datafield tag="300" ind1=" " ind2=" ">
      <subfield code="a">xi, 272 p.</subfield>
      <subfield code="b">illus.</subfield>
      <subfield code="c">22 cm.</subfield>
    </datafield>
    <datafield tag="500" ind1=" " ind2=" ">
      <subfield code="a">Issued under the auspices of the Indian Council of World Affairs.</subfield>
    </datafield>
    <datafield tag="596" ind1=" " ind2=" ">
      <subfield code="a">1</subfield>
    </datafield>
    <datafield tag="610" ind1="2" ind2="0">
      <subfield code="a">European Economic Community</subfield>
      <subfield code="z">India.</subfield>
    </datafield>
    <datafield tag="610" ind1="2" ind2="0">
      <subfield code="a">European Economic Community.</subfield>
    </datafield>
    <datafield tag="710" ind1="2" ind2=" ">
      <subfield code="a">Indian Council of World Affairs.</subfield>
    </datafield>
    <datafield tag="999" ind1=" " ind2=" ">
      <subfield code="a">HC241.25 .I4 D47</subfield>
      <subfield code="w">LC</subfield>
      <subfield code="c">1</subfield>
      <subfield code="i">36105033811451</subfield>
      <subfield code="d">7/18/2008</subfield>
      <subfield code="e">7/10/2008</subfield>
      <subfield code="l">STACKS</subfield>
      <subfield code="m">GREEN</subfield>
      <subfield code="n">1</subfield>
      <subfield code="p">$40.00</subfield>
      <subfield code="r">Y</subfield>
      <subfield code="s">Y</subfield>
      <subfield code="t">STKS-MONO</subfield>
      <subfield code="u">1/23/1974</subfield>
      <subfield code="z">DIGI-SENT</subfield>
      <subfield code="o">.TECHSTAFF. 900915</subfield>
    </datafield>
  </record>