
  <record>
    <leader>00928cam a2200229 a 4500</leader>
    <controlfield tag="001">a229800</controlfield>
    <controlfield tag="008">870909s1986    enka          000 0 eng d</controlfield>
    <datafield tag="020" ind1=" " ind2=" ">
      <subfield code="a">0850922887</subfield>
    </datafield>
    <datafield tag="020" ind1=" " ind2=" ">
      <subfield code="a">9780850922882</subfield>
    </datafield>
    <datafield tag="035" ind1=" " ind2=" ">
      <subfield code="a">(CStRLIN)CSUG89-B24589</subfield>
    </datafield>
    <datafield tag="035" ind1=" " ind2=" ">
      <subfield code="a">(OCoLC-M)16656939</subfield>
    </datafield>
    <datafield tag="040" ind1=" " ind2=" ">
      <subfield code="a">GZM</subfield>
      <subfield code="c">GZM</subfield>
      <subfield code="d">STF</subfield>
      <subfield code="d">OrLoB</subfield>
    </datafield>
    <datafield tag="049" ind1=" " ind2=" ">
      <subfield code="a">STFA</subfield>
    </datafield>
    <datafield tag="245" ind1="0" ind2="0">
      <subfield code="a">Variable exchange rates and trading on commodity markets /</subfield>
      <subfield code="c">papers prepared by Landell Mills Commodities Studies Ltd. and Graham L. Rees.</subfield>
    </datafield>
    <datafield tag="260" ind1=" " ind2=" ">
      <subfield code="a">London :</subfield>
      <subfield code="b">Economic Affairs Division, Commonwealth Secretariat,</subfield>
      <subfield code="c">1986.</subfield>
    </datafield>
    <datafield tag="300" ind1=" " ind2=" ">
      <subfield code="a">ix, 143 p. :</subfield>
      <subfield code="b">ill. ;</subfield>
      <subfield code="c">29 cm.</subfield>
    </datafield>
    <datafield tag="596" ind1=" " ind2=" ">
      <subfield code="a">31</subfield>
    </datafield>
    <datafield tag="650" ind1=" " ind2="0">
      <subfield code="a">Commodity exchanges.</subfield>
    </datafield>
    <datafield tag="650" ind1=" " ind2="0">
      <subfield code="a">Foreign exchange.</subfield>
    </datafield>
    <datafield tag="700" ind1="1" ind2=" ">
      <subfield code="a">Rees, Graham L.</subfield>
    </datafield>
    <datafield tag="710" ind1="2" ind2=" ">
      <subfield code="a">Landell Mills Commodities Studies Limited.</subfield>
    </datafield>
    <datafield tag="999" ind1=" " ind2=" ">
      <subfield code="a">HG6046 .V28 1986</subfield>
      <subfield code="w">LC</subfield>
      <subfield code="c">1</subfield>
      <subfield code="i">36105034181003</subfield>
      <subfield code="d">9/24/1999</subfield>
      <subfield code="l">STACKS</subfield>
      <subfield code="m">SAL3</subfield>
      <subfield code="p">$40.00</subfield>
      <subfield code="q">1</subfield>
      <subfield code="r">Y</subfield>
      <subfield code="s">Y</subfield>
      <subfield code="t">STKS-MONO</subfield>
      <subfield code="u">4/27/1989</subfield>
      <subfield code="o">.TECHSTAFF. tf:GREEN 04/28/06 batch</subfield>
      <subfield code="o">.TECHSTAFF. c:sq</subfield>
    </datafield>
  </record>