
  <record>
    <leader>00947cam a2200265 a 4500</leader>
    <controlfield tag="001">a345228</controlfield>
    <controlfield tag="008">891204s1990    ru            000 0 rus  </controlfield>
    <datafield tag="010" ind1=" " ind2=" ">
      <subfield code="a">   89212845</subfield>
    </datafield>
    <datafield tag="020" ind1=" " ind2=" ">
      <subfield code="a">5250008429 :</subfield>
      <subfield code="c">0.35rub</subfield>
    </datafield>
    <datafield tag="020" ind1=" " ind2=" ">
      <subfield code="a">9785250008426</subfield>
    </datafield>
    <datafield tag="035" ind1=" " ind2=" ">
      <subfield code="a">(CStRLIN)CSUG89-B24536</subfield>
    </datafield>
    <datafield tag="035" ind1=" " ind2=" ">
      <subfield code="a">(OCoLC-M)23464324</subfield>
    </datafield>
    <datafield tag="040" ind1=" " ind2=" ">
      <subfield code="a">DLC</subfield>
      <subfield code="c">DLC</subfield>
      <subfield code="d">IXA</subfield>
      <subfield code="d">OrLoB</subfield>
    </datafield>
    <datafield tag="049" ind1=" " ind2=" ">
      <subfield code="a">STFA</subfield>
    </datafield>
    <datafield tag="100" ind1="1" ind2=" ">
      <subfield code="a">Bashkov, Vladimir.</subfield>
    </datafield>
    <datafield tag="245" ind1="1" ind2="0">
      <subfield code="a">Ivan Zemnukhov :</subfield>
      <subfield code="b">dokumentalʹnai͡a povestʹ /</subfield>
      <subfield code="c">V. Bashkov.</subfield>
    </datafield>
    <datafield tag="260" ind1=" " ind2=" ">
      <subfield code="a">Moskva :</subfield>
      <subfield code="b">Izd-vo polit. lit-ry,</subfield>
      <subfield code="c">1990.</subfield>
    </datafield>
    <datafield tag="300" ind1=" " ind2=" ">
      <subfield code="a">175 p. ;</subfield>
      <subfield code="c">17 cm.</subfield>
    </datafield>
    <datafield tag="440" ind1=" " ind2="0">
      <subfield code="a">Kogda im bylo dvadt͡satʹ</subfield>
    </datafield>
    <datafield tag="596" ind1=" " ind2=" ">
      <subfield code="a">1</subfield>
    </datafield>
    <datafield tag="600" ind1="1" ind2="0">
      <subfield code="a">Zemnukhov, Ivan.</subfield>
    </datafield>
    <datafield tag="650" ind1=" " ind2="0">
      <subfield code="a">World War, 1939-1945</subfield>
      <subfield code="z">Ukraine</subfield>
      <subfield code="z">Krasnodon</subfield>
      <subfield code="x">Underground movements.</subfield>
    </datafield>
    <datafield tag="650" ind1=" " ind2="0">
      <subfield code="a">Guerrillas</subfield>
      <subfield code="z">Ukraine</subfield>
      <subfield code="z">Krasnodon</subfield>
      <subfield code="x">Biography.</subfield>
    </datafield>
    <datafield tag="653" ind1="0" ind2=" ">
      <subfield code="a">Soviet Union;</subfield>
      <subfield code="a">soldiers;</subfield>
      <subfield code="a">biography</subfield>
    </datafield>
    <datafield tag="999" ind1=" " ind2=" ">
      <subfield code="a">D764.7 .K72 1990</subfield>
      <subfield code="w">LC</subfield>
      <subfield code="c">1</subfield>
      <subfield code="i">36105043140537</subfield>
      <subfield code="d">8/6/1996</subfield>
      <subfield code="l">STACKS</subfield>
      <subfield code="m">GREEN</subfield>
      <subfield code="p">$40.00</subfield>
      <subfield code="r">Y</subfield>
      <subfield code="s">Y</subfield>
      <subfield code="t">STKS-MONO</subfield>
      <subfield code="u">4/27/1989</subfield>
      <subfield code="o">.TECHSTAFF. c:lr</subfield>
    </datafield>
  </record>