
  <record>
    <leader>01247cas a2200337 a 4500</leader>
    <controlfield tag="001">a460947</controlfield>
    <controlfield tag="008">830415c19809999vauuu    a    0    0eng  </controlfield>
    <datafield tag="010" ind1=" " ind2=" ">
      <subfield code="a">   81640581</subfield>
    </datafield>
    <datafield tag="022" ind1="0" ind2=" ">
      <subfield code="a">0276-0509</subfield>
    </datafield>
    <datafield tag="035" ind1=" " ind2=" ">
      <subfield code="a">(CStRLIN)CSUP83-S2377</subfield>
    </datafield>
    <datafield tag="035" ind1=" " ind2=" ">
      <subfield code="a">(CSt)83-S49</subfield>
    </datafield>
    <datafield tag="035" ind1=" " ind2=" ">
      <subfield code="a">(OCoLC-M)7250928</subfield>
    </datafield>
    <datafield tag="037" ind1=" " ind2=" ">
      <subfield code="b">Latino Institute Research Division, 1760 Reston Ave., Suite 101, Reston, VA 22090</subfield>
      <subfield code="c">$10.00</subfield>
    </datafield>
    <datafield tag="040" ind1=" " ind2=" ">
      <subfield code="d">NSDP</subfield>
      <subfield code="d">DLC</subfield>
      <subfield code="d">OrLoB</subfield>
    </datafield>
    <datafield tag="042" ind1=" " ind2=" ">
      <subfield code="a">lc</subfield>
      <subfield code="a">nsdp</subfield>
    </datafield>
    <datafield tag="043" ind1=" " ind2=" ">
      <subfield code="a">n-us---</subfield>
    </datafield>
    <datafield tag="050" ind1="0" ind2=" ">
      <subfield code="a">E184.S75</subfield>
      <subfield code="b">R47a</subfield>
    </datafield>
    <datafield tag="082" ind1=" " ind2=" ">
      <subfield code="a">016.3058/68/073</subfield>
    </datafield>
    <datafield tag="130" ind1="0" ind2=" ">
      <subfield code="a">Research digest (Latino Institute (Reston, Va.))</subfield>
    </datafield>
    <datafield tag="210" ind1="0" ind2=" ">
      <subfield code="a">Res. dig. - Lat. Inst. (Reston, Va.)</subfield>
    </datafield>
    <datafield tag="222" ind1=" " ind2="0">
      <subfield code="a">Research digest - Latino Institute (Reston, Va.)</subfield>
    </datafield>
    <datafield tag="245" ind1="0" ind2="0">
      <subfield code="a">Research digest /</subfield>
      <subfield code="c">Latino Institute.</subfield>
    </datafield>
    <datafield tag="246" ind1="1" ind2="8">
      <subfield code="a">Latino Institute research digest</subfield>
    </datafield>
    <datafield tag="260" ind1=" " ind2=" ">
      <subfield code="a">[Reston, VA] :</subfield>
      <subfield code="b">The Institute,</subfield>
      <subfield code="c">[c1980-</subfield>
    </datafield>
    <datafield tag="300" ind1=" " ind2=" ">
      <subfield code="a">v. ;</subfield>
      <subfield code="c">22 cm.</subfield>
    </datafield>
    <datafield tag="362" ind1="0" ind2=" ">
      <subfield code="a">Vol. 1 (1980)-</subfield>
    </datafield>
    <datafield tag="500" ind1=" " ind2=" ">
      <subfield code="a">Title from cover.</subfield>
    </datafield>
    <datafield tag="596" ind1=" " ind2=" ">
      <subfield code="a">1</subfield>
    </datafield>
    <datafield tag="650" ind1=" " ind2="0">
      <subfield code="a">Hispanic Americans</subfield>
      <subfield code="x">Social conditions</subfield>
      <subfield code="x">Abstracts</subfield>
      <subfield code="x">Periodicals.</subfield>
    </datafield>
    <datafield tag="710" ind1="2" ind2=" ">
      <subfield code="a">Latino Institute (Reston, Va.)</subfield>
    </datafield>
    <datafield tag="999" ind1=" " ind2=" ">
      <subfield code="a">E184.S75 R47A V.1 1980</subfield>
      <subfield code="w">LCPER</subfield>
      <subfield code="c">1</subfield>
      <subfield code="i">36105007402873</subfield>
      <subfield code="d">2/5/2004</subfield>
      <subfield code="e">9/3/1998</subfield>
      <subfield code="l">STACKS</subfield>
      <subfield code="m">GREEN</subfield>
      <subfield code="n">1</subfield>
      <subfield code="p">$40.00</subfield>
      <subfield code="q">4</subfield>
      <subfield code="r">Y</subfield>
      <subfield code="s">Y</subfield>
      <subfield code="t">STKS-MONO</subfield>
      <subfield code="u">4/15/1983</subfield>
      <subfield code="o">.TECHSTAFF. #16/i:jrt</subfield>
    </datafield>
  </record>