
  <record>
    <leader>00651nam a22001575? 4500</leader>
    <controlfield tag="001">a575946</controlfield>
    <controlfield tag="008">910118s1990||||gw |||||||||||||||||ger|d</controlfield>
    <datafield tag="020" ind1=" " ind2=" ">
      <subfield code="a">3412215880</subfield>
    </datafield>
    <datafield tag="035" ind1=" " ind2=" ">
      <subfield code="a">(CSt)notisACX2206</subfield>
    </datafield>
    <datafield tag="100" ind1="1" ind2="0">
      <subfield code="a">Seifert, Arno.</subfield>
    </datafield>
    <datafield tag="245" ind1="1" ind2="4">
      <subfield code="a">Der Ruckzug der biblischen Prophetie von der neueren Geschichte.</subfield>
    </datafield>
    <datafield tag="260" ind1="0" ind2=" ">
      <subfield code="a">Koln :</subfield>
      <subfield code="b">Bohlau Verlag,</subfield>
      <subfield code="c">1990</subfield>
    </datafield>
    <datafield tag="300" ind1=" " ind2=" ">
      <subfield code="a">207 p.</subfield>
    </datafield>
    <datafield tag="440" ind1=" " ind2="0">
      <subfield code="a">Beihefte zum Archiv für Kulturgeschichte ;</subfield>
      <subfield code="v">v.31</subfield>
    </datafield>
    <datafield tag="596" ind1=" " ind2=" ">
      <subfield code="a">1</subfield>
    </datafield>
    <datafield tag="999" ind1=" " ind2=" ">
      <subfield code="a">CB3 .A6 SUPPL. V.31</subfield>
      <subfield code="w">LC</subfield>
      <subfield code="c">1</subfield>
      <subfield code="i">36105035087092</subfield>
      <subfield code="d">6/18/2008</subfield>
      <subfield code="e">6/18/2008</subfield>
      <subfield code="k">CHECKEDOUT</subfield>
      <subfield code="l">STACKS</subfield>
      <subfield code="m">GREEN</subfield>
      <subfield code="n">4</subfield>
      <subfield code="p">$40.00</subfield>
      <subfield code="r">M</subfield>
      <subfield code="s">Y</subfield>
      <subfield code="t">STKS-MONO</subfield>
      <subfield code="u">1/18/1991</subfield>
      <subfield code="o">.TECHSTAFF. c:al</subfield>
      <subfield code="o">.TECHSTAFF. PUB 1/22/91/pb</subfield>
      <subfield code="o">.TECHSTAFF. MIDSPINE.v.31 suppl.</subfield>
    </datafield>
  </record>