
  <record>
    <leader>00715cam a2200205   4500</leader>
    <controlfield tag="001">a690002</controlfield>
    <controlfield tag="008">711019s1955    xx            000 0 eng u</controlfield>
    <datafield tag="010" ind1=" " ind2=" ">
      <subfield code="a">   55005896</subfield>
    </datafield>
    <datafield tag="035" ind1=" " ind2=" ">
      <subfield code="a">(OCoLC-M)165579</subfield>
    </datafield>
    <datafield tag="040" ind1=" " ind2=" ">
      <subfield code="c">AKR</subfield>
      <subfield code="d">OrLoB</subfield>
    </datafield>
    <datafield tag="049" ind1=" " ind2=" ">
      <subfield code="a">STFA</subfield>
    </datafield>
    <datafield tag="092" ind1=" " ind2=" ">
      <subfield code="a">159.32</subfield>
      <subfield code="b">.W211</subfield>
    </datafield>
    <datafield tag="100" ind1="1" ind2=" ">
      <subfield code="a">Wallin, J. E. Wallace</subfield>
      <subfield code="q">(John Edward Wallace),</subfield>
      <subfield code="d">b. 1876.</subfield>
    </datafield>
    <datafield tag="245" ind1="1" ind2="0">
      <subfield code="a">Education of mentally handicapped children.</subfield>
    </datafield>
    <datafield tag="260" ind1=" " ind2=" ">
      <subfield code="a">New York,</subfield>
      <subfield code="b">Harper</subfield>
      <subfield code="c">[1955]</subfield>
    </datafield>
    <datafield tag="300" ind1=" " ind2=" ">
      <subfield code="a">485 p.</subfield>
      <subfield code="b">illus.</subfield>
    </datafield>
    <datafield tag="490" ind1="0" ind2=" ">
      <subfield code="a">Education for living series.</subfield>
    </datafield>
    <datafield tag="596" ind1=" " ind2=" ">
      <subfield code="a">31</subfield>
    </datafield>
    <datafield tag="650" ind1=" " ind2="0">
      <subfield code="a">Mentally handicapped children</subfield>
      <subfield code="x">Education.</subfield>
    </datafield>
    <datafield tag="999" ind1=" " ind2=" ">
      <subfield code="a">159.32 .W211</subfield>
      <subfield code="w">DEWEY</subfield>
      <subfield code="c">1</subfield>
      <subfield code="i">36105046693508</subfield>
      <subfield code="d">8/6/1996</subfield>
      <subfield code="l">STACKS</subfield>
      <subfield code="m">SAL3</subfield>
      <subfield code="p">$40.00</subfield>
      <subfield code="r">Y</subfield>
      <subfield code="s">Y</subfield>
      <subfield code="t">STKS-MONO</subfield>
      <subfield code="u">10/19/1971</subfield>
      <subfield code="o">.TECHSTAFF. tf:SAL 04/07/05 batch</subfield>
    </datafield>
  </record>