
  <record>
    <leader>01151cam a2200277 i 4500</leader>
    <controlfield tag="001">a804724</controlfield>
    <controlfield tag="008">800812s1979    ilu      b    000 0 eng  </controlfield>
    <datafield tag="010" ind1=" " ind2=" ">
      <subfield code="a">   79127394</subfield>
    </datafield>
    <datafield tag="020" ind1=" " ind2=" ">
      <subfield code="c">$1.50</subfield>
    </datafield>
    <datafield tag="035" ind1=" " ind2=" ">
      <subfield code="a">(CStRLIN)CSUG17679079-B</subfield>
    </datafield>
    <datafield tag="035" ind1=" " ind2=" ">
      <subfield code="a">(OCoLC-M)5635489</subfield>
    </datafield>
    <datafield tag="040" ind1=" " ind2=" ">
      <subfield code="d">OrLoB</subfield>
    </datafield>
    <datafield tag="043" ind1=" " ind2=" ">
      <subfield code="a">n-us---</subfield>
    </datafield>
    <datafield tag="050" ind1="0" ind2=" ">
      <subfield code="a">Z7164.T23</subfield>
      <subfield code="b">W45</subfield>
      <subfield code="a">HJ2338;</subfield>
    </datafield>
    <datafield tag="082" ind1=" " ind2=" ">
      <subfield code="a">016.3362/06</subfield>
    </datafield>
    <datafield tag="100" ind1="1" ind2=" ">
      <subfield code="a">White, Anthony G.</subfield>
    </datafield>
    <datafield tag="245" ind1="1" ind2="0">
      <subfield code="a">Tax exemptions and payments in lieu of taxes, with an emphasis on forestry :</subfield>
      <subfield code="b">a selected bibliography /</subfield>
      <subfield code="c">Anthony G. White.</subfield>
    </datafield>
    <datafield tag="260" ind1=" " ind2=" ">
      <subfield code="a">Monticello, Ill. :</subfield>
      <subfield code="b">Vance Bibliographies,</subfield>
      <subfield code="c">1979.</subfield>
    </datafield>
    <datafield tag="300" ind1=" " ind2=" ">
      <subfield code="a">12 p. ;</subfield>
      <subfield code="c">28 cm.</subfield>
    </datafield>
    <datafield tag="490" ind1="1" ind2=" ">
      <subfield code="a">Public administration series : Bibliography ;</subfield>
      <subfield code="v">P-342</subfield>
    </datafield>
    <datafield tag="500" ind1=" " ind2=" ">
      <subfield code="a">Cover title.</subfield>
    </datafield>
    <datafield tag="596" ind1=" " ind2=" ">
      <subfield code="a">31</subfield>
    </datafield>
    <datafield tag="650" ind1=" " ind2="0">
      <subfield code="a">Taxation and government property</subfield>
      <subfield code="z">United States</subfield>
      <subfield code="x">Bibliography.</subfield>
    </datafield>
    <datafield tag="650" ind1=" " ind2="0">
      <subfield code="a">Tax exemption</subfield>
      <subfield code="z">United States</subfield>
      <subfield code="x">Bibliography.</subfield>
    </datafield>
    <datafield tag="830" ind1=" " ind2="0">
      <subfield code="a">Public administration series--bibliography ;</subfield>
      <subfield code="v">P-342</subfield>
    </datafield>
    <datafield tag="999" ind1=" " ind2=" ">
      <subfield code="a">Z7164.T23.W45</subfield>
      <subfield code="w">LC</subfield>
      <subfield code="c">1</subfield>
      <subfield code="i">36105035887392</subfield>
      <subfield code="d">4/30/1998</subfield>
      <subfield code="e">2/20/1995</subfield>
      <subfield code="l">STACKS</subfield>
      <subfield code="m">SAL3</subfield>
      <subfield code="p">$40.00</subfield>
      <subfield code="q">1</subfield>
      <subfield code="r">Y</subfield>
      <subfield code="s">Y</subfield>
      <subfield code="t">STKS-MONO</subfield>
      <subfield code="u">8/12/1980</subfield>
      <subfield code="o">.TECHSTAFF. 910824</subfield>
      <subfield code="o">.TECHSTAFF. tf:GREEN 09/01 batch</subfield>
      <subfield code="o">.TECHSTAFF. tf:SAL-NEWARK 04/04 batch</subfield>
    </datafield>
  </record>