
  <record>
    <leader>00880cam a2200217 i 4500</leader>
    <controlfield tag="001">a919006</controlfield>
    <controlfield tag="008">770207r19771901gw       b    001 0 ger d</controlfield>
    <datafield tag="035" ind1=" " ind2=" ">
      <subfield code="a">(CStRLIN)CSUG3457605-B</subfield>
    </datafield>
    <datafield tag="035" ind1=" " ind2=" ">
      <subfield code="a">(OCoLC-M)123149448</subfield>
    </datafield>
    <datafield tag="040" ind1=" " ind2=" ">
      <subfield code="a">CSt</subfield>
      <subfield code="c">CSt</subfield>
      <subfield code="d">OrLoB</subfield>
    </datafield>
    <datafield tag="100" ind1="1" ind2=" ">
      <subfield code="a">Oeftering, Michael,</subfield>
      <subfield code="d">1872-</subfield>
    </datafield>
    <datafield tag="245" ind1="1" ind2="0">
      <subfield code="a">Heliodor und seine Bedeutung für die Litteratur /</subfield>
      <subfield code="c">von Michael Oeftering.</subfield>
    </datafield>
    <datafield tag="260" ind1=" " ind2=" ">
      <subfield code="a">Nendeln/Liechtenstein :</subfield>
      <subfield code="b">Kraus Reprint,</subfield>
      <subfield code="c">1977.</subfield>
    </datafield>
    <datafield tag="300" ind1=" " ind2=" ">
      <subfield code="a">176 p. ;</subfield>
      <subfield code="c">22 cm.</subfield>
    </datafield>
    <datafield tag="440" ind1=" " ind2="0">
      <subfield code="a">Literarhistorische Forschungen ;</subfield>
      <subfield code="v">Heft 18</subfield>
    </datafield>
    <datafield tag="504" ind1=" " ind2=" ">
      <subfield code="a">Includes bibliographical references and index.</subfield>
    </datafield>
    <datafield tag="534" ind1=" " ind2=" ">
      <subfield code="a">Reprint of the 1901 ed. published by E. Felber, Berlin.</subfield>
    </datafield>
    <datafield tag="596" ind1=" " ind2=" ">
      <subfield code="a">1</subfield>
    </datafield>
    <datafield tag="600" ind1="0" ind2="0">
      <subfield code="a">Heliodorus,</subfield>
      <subfield code="c">of Emesa.</subfield>
    </datafield>
    <datafield tag="650" ind1=" " ind2="0">
      <subfield code="a">Literature, Comparative.</subfield>
    </datafield>
    <datafield tag="999" ind1=" " ind2=" ">
      <subfield code="a">PA3998 .H2 O5 1977</subfield>
      <subfield code="w">LC</subfield>
      <subfield code="c">1</subfield>
      <subfield code="i">36105036688153</subfield>
      <subfield code="d">4/19/2000</subfield>
      <subfield code="e">8/30/1997</subfield>
      <subfield code="l">STACKS</subfield>
      <subfield code="m">GREEN</subfield>
      <subfield code="n">10</subfield>
      <subfield code="p">$40.00</subfield>
      <subfield code="r">Y</subfield>
      <subfield code="s">Y</subfield>
      <subfield code="t">STKS-MONO</subfield>
      <subfield code="u">2/7/1977</subfield>
      <subfield code="o">.TECHSTAFF. 910824</subfield>
    </datafield>
  </record>