
  <record>
    <leader>01184nam a2200277ua 4500</leader>
    <controlfield tag="001">a1033119</controlfield>
    <controlfield tag="008">830224s1982    ilua     b    001 0deng  </controlfield>
    <datafield tag="010" ind1=" " ind2=" ">
      <subfield code="a">   82006972  </subfield>
      <subfield code="z">   82007972</subfield>
    </datafield>
    <datafield tag="020" ind1=" " ind2=" ">
      <subfield code="a">0226890554</subfield>
    </datafield>
    <datafield tag="020" ind1=" " ind2=" ">
      <subfield code="a">9780226890555</subfield>
    </datafield>
    <datafield tag="035" ind1=" " ind2=" ">
      <subfield code="a">(CStRLIN)CSUG83-B9814</subfield>
    </datafield>
    <datafield tag="035" ind1=" " ind2=" ">
      <subfield code="a">(OCoLC-M)60980245</subfield>
    </datafield>
    <datafield tag="040" ind1=" " ind2=" ">
      <subfield code="d">NIC</subfield>
      <subfield code="d">OrLoB</subfield>
    </datafield>
    <datafield tag="043" ind1=" " ind2=" ">
      <subfield code="a">e------</subfield>
    </datafield>
    <datafield tag="050" ind1="0" ind2=" ">
      <subfield code="a">BX4659.E85</subfield>
      <subfield code="b">W44</subfield>
    </datafield>
    <datafield tag="082" ind1="0" ind2=" ">
      <subfield code="a">235/.2</subfield>
      <subfield code="2">19</subfield>
    </datafield>
    <datafield tag="100" ind1="1" ind2=" ">
      <subfield code="a">Weinstein, Donald,</subfield>
      <subfield code="d">1926-</subfield>
    </datafield>
    <datafield tag="245" ind1="1" ind2="0">
      <subfield code="a">Saints and society :</subfield>
      <subfield code="b">the two worlds of western Christiandom, 1000-1700 /</subfield>
      <subfield code="c">Donald Weinstein, Rudolph M. Bell.</subfield>
    </datafield>
    <datafield tag="260" ind1=" " ind2=" ">
      <subfield code="a">Chicago :</subfield>
      <subfield code="b">University of Chicago Press,</subfield>
      <subfield code="c">1982.</subfield>
    </datafield>
    <datafield tag="300" ind1=" " ind2=" ">
      <subfield code="a">x, 314 p. :</subfield>
      <subfield code="b">ill. ;</subfield>
      <subfield code="c">24 cm.</subfield>
    </datafield>
    <datafield tag="500" ind1=" " ind2=" ">
      <subfield code="a">Includes bibliographical references and index.</subfield>
    </datafield>
    <datafield tag="596" ind1=" " ind2=" ">
      <subfield code="a">1 20</subfield>
    </datafield>
    <datafield tag="650" ind1=" " ind2="0">
      <subfield code="a">Christian saints</subfield>
      <subfield code="x">Cult</subfield>
      <subfield code="z">Europe.</subfield>
    </datafield>
    <datafield tag="700" ind1="1" ind2=" ">
      <subfield code="a">Bell, Rudolph M.</subfield>
    </datafield>
    <datafield tag="999" ind1=" " ind2=" ">
      <subfield code="a">BX4659.E85 W44</subfield>
      <subfield code="w">LC</subfield>
      <subfield code="c">1</subfield>
      <subfield code="i">36105037439663</subfield>
      <subfield code="d">12/10/2007</subfield>
      <subfield code="e">12/5/2007</subfield>
      <subfield code="l">STACKS</subfield>
      <subfield code="m">GREEN</subfield>
      <subfield code="n">26</subfield>
      <subfield code="p">$40.00</subfield>
      <subfield code="q">12</subfield>
      <subfield code="r">Y</subfield>
      <subfield code="s">Y</subfield>
      <subfield code="t">STKS-MONO</subfield>
      <subfield code="u">2/24/1983</subfield>
      <subfield code="o">.TECHSTAFF. 910824/i:mal</subfield>
    </datafield>
    <datafield tag="999" ind1=" " ind2=" ">
      <subfield code="a">BX4659 .E85 W44 1982</subfield>
      <subfield code="w">LC</subfield>
      <subfield code="c">1</subfield>
      <subfield code="i">36105001623284</subfield>
      <subfield code="d">11/14/2007</subfield>
      <subfield code="e">10/22/2007</subfield>
      <subfield code="l">STACKS</subfield>
      <subfield code="m">SAL</subfield>
      <subfield code="n">25</subfield>
      <subfield code="p">$40.00</subfield>
      <subfield code="q">2</subfield>
      <subfield code="r">Y</subfield>
      <subfield code="s">Y</subfield>
      <subfield code="t">STKS-MONO</subfield>
      <subfield code="u">2/24/1983</subfield>
      <subfield code="o">.TECHSTAFF. 910824/i:mal</subfield>
      <subfield code="o">.TECHSTAFF. tf:MEYER 12/98 batch</subfield>
    </datafield>
  </record>