
  <record>
    <leader>01669nam a2200289ua 4500</leader>
    <controlfield tag="001">a1261173</controlfield>
    <controlfield tag="007">hd|afv---baca</controlfield>
    <controlfield tag="008">870715r19741700ctu     a     000 0 eng d</controlfield>
    <datafield tag="035" ind1=" " ind2=" ">
      <subfield code="a">(CStRLIN)CSUG87-B59924</subfield>
    </datafield>
    <datafield tag="035" ind1=" " ind2=" ">
      <subfield code="a">(OCoLC-M)123176450</subfield>
    </datafield>
    <datafield tag="040" ind1=" " ind2=" ">
      <subfield code="a">CSt</subfield>
      <subfield code="c">CSt</subfield>
      <subfield code="d">OrLoB</subfield>
    </datafield>
    <datafield tag="100" ind1="1" ind2=" ">
      <subfield code="a">Johnson, Samuel,</subfield>
      <subfield code="d">1649-1703.</subfield>
    </datafield>
    <datafield tag="245" ind1="1" ind2="4">
      <subfield code="a">The second part of the Confutation of the Ballancing letter</subfield>
      <subfield code="h">[microform] :</subfield>
      <subfield code="b">containing an occasional discourse in vindication of Magna Charta.</subfield>
    </datafield>
    <datafield tag="260" ind1=" " ind2=" ">
      <subfield code="a">London :</subfield>
      <subfield code="b">Printed for A. Baldwin ...,</subfield>
      <subfield code="c">1700.</subfield>
    </datafield>
    <datafield tag="300" ind1=" " ind2=" ">
      <subfield code="a">[4], 84 p.</subfield>
    </datafield>
    <datafield tag="500" ind1=" " ind2=" ">
      <subfield code="a">Sequel to: A confutation of a late pamphlet intituled A letter ballancing the necessity of keeping a land-force in times of peace. 1698.</subfield>
    </datafield>
    <datafield tag="510" ind1="4" ind2=" ">
      <subfield code="a">Goldsmiths' Lib. cat.,</subfield>
      <subfield code="c">3741.</subfield>
    </datafield>
    <datafield tag="510" ind1="4" ind2=" ">
      <subfield code="a">Wing</subfield>
      <subfield code="c">J844.</subfield>
    </datafield>
    <datafield tag="533" ind1=" " ind2=" ">
      <subfield code="a">Microfilm.</subfield>
      <subfield code="b">New Haven, Conn. :</subfield>
      <subfield code="c">Research Publications,</subfield>
      <subfield code="d">[1974].</subfield>
      <subfield code="e">1 microfilm reel ; 35 mm.</subfield>
      <subfield code="f">(Goldsmiths'-Kress library of economic literature ; no. 3741).</subfield>
    </datafield>
    <datafield tag="596" ind1=" " ind2=" ">
      <subfield code="a">1</subfield>
    </datafield>
    <datafield tag="600" ind1="1" ind2="0">
      <subfield code="a">Somers, John Somers,</subfield>
      <subfield code="c">Baron,</subfield>
      <subfield code="d">1651-1716.</subfield>
      <subfield code="t">Letter ballancing the necessity of keeping a land-force in times of peace, with the dangers that may follow on it.</subfield>
    </datafield>
    <datafield tag="610" ind1="1" ind2="0">
      <subfield code="a">England and Wales.</subfield>
      <subfield code="b">Army.</subfield>
    </datafield>
    <datafield tag="630" ind1="0" ind2="0">
      <subfield code="a">Magna Carta.</subfield>
    </datafield>
    <datafield tag="650" ind1=" " ind2="0">
      <subfield code="a">Standing army</subfield>
      <subfield code="x">Early works to 1800.</subfield>
    </datafield>
    <datafield tag="700" ind1="1" ind2=" ">
      <subfield code="a">Johnson, Samuel,</subfield>
      <subfield code="d">1649-1703.</subfield>
      <subfield code="t">Confutation of a late pamphlet intituled A letter ballancing the necessity of keeping a land-force in times of peace.</subfield>
    </datafield>
    <datafield tag="830" ind1=" " ind2="0">
      <subfield code="a">Goldsmiths'-Kress library of economic literature ;</subfield>
      <subfield code="v">no. 3741.</subfield>
    </datafield>
    <datafield tag="999" ind1=" " ind2=" ">
      <subfield code="a">MFILM N.S. 1350 REEL 230 NO. 3741</subfield>
      <subfield code="w">ALPHANUM</subfield>
      <subfield code="c">1</subfield>
      <subfield code="i">001AFX2969</subfield>
      <subfield code="d">5/15/1999</subfield>
      <subfield code="l">MEDIA-MTXT</subfield>
      <subfield code="m">GREEN</subfield>
      <subfield code="p">$40.00</subfield>
      <subfield code="r">Y</subfield>
      <subfield code="s">Y</subfield>
      <subfield code="t">NH-MICR</subfield>
      <subfield code="u">7/15/1987</subfield>
      <subfield code="o">.TECHSTAFF. 910824</subfield>
      <subfield code="o">.TECHSTAFF. tf:CPM 05/99 batch</subfield>
    </datafield>
  </record>