
  <record>
    <leader>00731cam a2200181 a 4500</leader>
    <controlfield tag="001">a1618836</controlfield>
    <controlfield tag="008">860425s1983    sp a          000 1 spa d</controlfield>
    <datafield tag="020" ind1=" " ind2=" ">
      <subfield code="a">8486015553</subfield>
    </datafield>
    <datafield tag="020" ind1=" " ind2=" ">
      <subfield code="a">9788486015558</subfield>
    </datafield>
    <datafield tag="035" ind1=" " ind2=" ">
      <subfield code="a">(CStRLIN)CSUG86-B36171</subfield>
    </datafield>
    <datafield tag="035" ind1=" " ind2=" ">
      <subfield code="a">(OCoLC-M)13351791</subfield>
    </datafield>
    <datafield tag="040" ind1=" " ind2=" ">
      <subfield code="a">CSt</subfield>
      <subfield code="c">CSt</subfield>
      <subfield code="d">OrLoB</subfield>
    </datafield>
    <datafield tag="100" ind1="2" ind2=" ">
      <subfield code="a">Pérez Henares, Antonio.</subfield>
    </datafield>
    <datafield tag="245" ind1="1" ind2="4">
      <subfield code="a">Las bestias /</subfield>
      <subfield code="c">Antonio Pérez ; ilustraciones de Julio del Rey.</subfield>
    </datafield>
    <datafield tag="260" ind1=" " ind2=" ">
      <subfield code="a">Gijón :</subfield>
      <subfield code="b">Ediciones Noega,</subfield>
      <subfield code="c">[1983]</subfield>
    </datafield>
    <datafield tag="300" ind1=" " ind2=" ">
      <subfield code="a">136 p. :</subfield>
      <subfield code="b">ill. ;</subfield>
      <subfield code="c">19 cm.</subfield>
    </datafield>
    <datafield tag="500" ind1=" " ind2=" ">
      <subfield code="a">"Este libro obtuvo el Premio Emilio Hurtado para libros de cuentos en 1983."--T.p. verso.</subfield>
    </datafield>
    <datafield tag="999" ind1=" " ind2=" ">
      <subfield code="a">PQ6666.E7484 B4 1983</subfield>
      <subfield code="w">LC</subfield>
      <subfield code="c">1</subfield>
      <subfield code="i">36105040261765</subfield>
      <subfield code="d">5/21/1998</subfield>
      <subfield code="l">STACKS</subfield>
      <subfield code="m">GREEN</subfield>
      <subfield code="p">$40.00</subfield>
      <subfield code="r">Y</subfield>
      <subfield code="s">Y</subfield>
      <subfield code="t">STKS-MONO</subfield>
      <subfield code="u">4/25/1986</subfield>
      <subfield code="o">.TECHSTAFF. CAT: ns 910907</subfield>
    </datafield>
  </record>