
  <record>
    <leader>01149nam a22002891  4500</leader>
    <controlfield tag="001">a1732616</controlfield>
    <controlfield tag="008">840514s1962    enk      b    000 0 eng  </controlfield>
    <datafield tag="010" ind1=" " ind2=" ">
      <subfield code="a">   63002549 //r84</subfield>
    </datafield>
    <datafield tag="035" ind1=" " ind2=" ">
      <subfield code="a">(OCoLC-M)1430677</subfield>
    </datafield>
    <datafield tag="040" ind1=" " ind2=" ">
      <subfield code="a">DLC/ICU</subfield>
      <subfield code="c">CGU</subfield>
      <subfield code="d">m.c.</subfield>
      <subfield code="d">OrLoB</subfield>
    </datafield>
    <datafield tag="049" ind1=" " ind2=" ">
      <subfield code="a">SUWM</subfield>
      <subfield code="c">1-2</subfield>
    </datafield>
    <datafield tag="050" ind1="0" ind2=" ">
      <subfield code="a">QA273</subfield>
      <subfield code="b">.C83 1962</subfield>
    </datafield>
    <datafield tag="082" ind1="0" ind2=" ">
      <subfield code="a">519.1</subfield>
    </datafield>
    <datafield tag="100" ind1="1" ind2=" ">
      <subfield code="a">Cramér, Harald,</subfield>
      <subfield code="d">1893-</subfield>
    </datafield>
    <datafield tag="245" ind1="1" ind2="0">
      <subfield code="a">Random variables and probability distributions.</subfield>
    </datafield>
    <datafield tag="250" ind1=" " ind2=" ">
      <subfield code="a">[2d. ed.].</subfield>
    </datafield>
    <datafield tag="260" ind1=" " ind2=" ">
      <subfield code="a">Cambridge [Eng.]</subfield>
      <subfield code="b">University Press,</subfield>
      <subfield code="c">1962.</subfield>
    </datafield>
    <datafield tag="300" ind1=" " ind2=" ">
      <subfield code="a">119 p.</subfield>
      <subfield code="c">22 cm.</subfield>
    </datafield>
    <datafield tag="490" ind1="1" ind2=" ">
      <subfield code="a">Cambridge tracts in mathematics and mathematical physics,</subfield>
      <subfield code="v">no. 36</subfield>
    </datafield>
    <datafield tag="504" ind1=" " ind2=" ">
      <subfield code="a">Bibliography: p. [116]-119.</subfield>
    </datafield>
    <datafield tag="596" ind1=" " ind2=" ">
      <subfield code="a">15 20</subfield>
    </datafield>
    <datafield tag="650" ind1=" " ind2="0">
      <subfield code="a">Stochastic processes.</subfield>
    </datafield>
    <datafield tag="650" ind1=" " ind2="0">
      <subfield code="a">Distribution (Probability theory)</subfield>
    </datafield>
    <datafield tag="650" ind1=" " ind2="0">
      <subfield code="a">Random variables.</subfield>
    </datafield>
    <datafield tag="830" ind1=" " ind2="0">
      <subfield code="a">Cambridge tracts in mathematics and mathematical physics ;</subfield>
      <subfield code="v">no. 36.</subfield>
    </datafield>
    <datafield tag="999" ind1=" " ind2=" ">
      <subfield code="a">QA273 .C83 1962</subfield>
      <subfield code="w">LC</subfield>
      <subfield code="c">1</subfield>
      <subfield code="i">36105033142303</subfield>
      <subfield code="d">10/22/2003</subfield>
      <subfield code="e">3/13/1995</subfield>
      <subfield code="l">STACKS</subfield>
      <subfield code="m">MATH-CS</subfield>
      <subfield code="n">1</subfield>
      <subfield code="p">$40.00</subfield>
      <subfield code="q">6</subfield>
      <subfield code="r">Y</subfield>
      <subfield code="s">Y</subfield>
      <subfield code="t">STKS</subfield>
      <subfield code="u">5/14/1984</subfield>
    </datafield>
    <datafield tag="999" ind1=" " ind2=" ">
      <subfield code="a">QA273 .C83 1962</subfield>
      <subfield code="w">LC</subfield>
      <subfield code="c">2</subfield>
      <subfield code="i">36105033142311</subfield>
      <subfield code="d">8/15/1997</subfield>
      <subfield code="e">4/7/1995</subfield>
      <subfield code="l">STACKS</subfield>
      <subfield code="m">SAL</subfield>
      <subfield code="q">1</subfield>
      <subfield code="r">Y</subfield>
      <subfield code="s">Y</subfield>
      <subfield code="t">STKS-MONO</subfield>
      <subfield code="u">8/15/1997</subfield>
      <subfield code="o">.TECHSTAFF. tf:MATH 8/97 batch</subfield>
    </datafield>
  </record>