
  <record>
    <leader>00827nam a2200217 a 4500</leader>
    <controlfield tag="001">a1849258</controlfield>
    <controlfield tag="008">860314s1924    enka     b    001 0 eng d</controlfield>
    <datafield tag="035" ind1=" " ind2=" ">
      <subfield code="a">(OCoLC-M)13298560</subfield>
    </datafield>
    <datafield tag="040" ind1=" " ind2=" ">
      <subfield code="a">ORC</subfield>
      <subfield code="c">ORC</subfield>
      <subfield code="d">OrLoB</subfield>
    </datafield>
    <datafield tag="049" ind1=" " ind2=" ">
      <subfield code="a">STFA</subfield>
      <subfield code="c">1</subfield>
    </datafield>
    <datafield tag="092" ind1=" " ind2=" ">
      <subfield code="a">352.042</subfield>
      <subfield code="b">.C594 ed.2</subfield>
    </datafield>
    <datafield tag="100" ind1="1" ind2=" ">
      <subfield code="a">Clarke, John Joseph,</subfield>
      <subfield code="d">1879-</subfield>
    </datafield>
    <datafield tag="245" ind1="1" ind2="4">
      <subfield code="a">The local government of the United Kingdom /</subfield>
      <subfield code="c">by John J. Clarke  ; with a foreword by Sir Homewood Crawford.</subfield>
    </datafield>
    <datafield tag="250" ind1=" " ind2=" ">
      <subfield code="a">2d ed.</subfield>
    </datafield>
    <datafield tag="260" ind1=" " ind2=" ">
      <subfield code="a">London ;</subfield>
      <subfield code="a">New York :</subfield>
      <subfield code="b">Sir Isaac Pitman &amp; Sons,</subfield>
      <subfield code="c">1924.</subfield>
    </datafield>
    <datafield tag="300" ind1=" " ind2=" ">
      <subfield code="a">484 p. :</subfield>
      <subfield code="b">ill. ;</subfield>
      <subfield code="c">19 cm.</subfield>
    </datafield>
    <datafield tag="500" ind1=" " ind2=" ">
      <subfield code="a">Includes index.</subfield>
    </datafield>
    <datafield tag="504" ind1=" " ind2=" ">
      <subfield code="a">Bibliography: p. 446-459.</subfield>
    </datafield>
    <datafield tag="596" ind1=" " ind2=" ">
      <subfield code="a">31</subfield>
    </datafield>
    <datafield tag="650" ind1=" " ind2="0">
      <subfield code="a">Local government</subfield>
      <subfield code="z">Great Britain.</subfield>
    </datafield>
    <datafield tag="999" ind1=" " ind2=" ">
      <subfield code="a">352.042 .C594 ED.2</subfield>
      <subfield code="w">DEWEY</subfield>
      <subfield code="c">1</subfield>
      <subfield code="i">36105047516096</subfield>
      <subfield code="d">8/7/1996</subfield>
      <subfield code="l">STACKS</subfield>
      <subfield code="m">SAL3</subfield>
      <subfield code="p">$40.00</subfield>
      <subfield code="r">Y</subfield>
      <subfield code="s">Y</subfield>
      <subfield code="t">STKS-MONO</subfield>
      <subfield code="u">3/14/1986</subfield>
      <subfield code="o">.TECHSTAFF. tf:SAL 06/17/05 batch</subfield>
    </datafield>
  </record>