
  <record>
    <leader>01139cam a2200229 i 4500</leader>
    <controlfield tag="001">a1962398</controlfield>
    <controlfield tag="008">790220||||||||||||           ||| | eng  </controlfield>
    <datafield tag="010" ind1=" " ind2=" ">
      <subfield code="a">   81139038</subfield>
    </datafield>
    <datafield tag="035" ind1=" " ind2=" ">
      <subfield code="a">(CStRLIN)CSUX9720278-B</subfield>
    </datafield>
    <datafield tag="035" ind1=" " ind2=" ">
      <subfield code="a">(OCoLC-M)3511155</subfield>
    </datafield>
    <datafield tag="040" ind1=" " ind2=" ">
      <subfield code="d">OrLoB</subfield>
    </datafield>
    <datafield tag="100" ind1="1" ind2=" ">
      <subfield code="a">Zubatsky, David S.,</subfield>
      <subfield code="d">1939-</subfield>
    </datafield>
    <datafield tag="245" ind1="1" ind2="2">
      <subfield code="a">A guide to resources in United States libraries and archives for the study of Cape Verdes, Guinea (Bissau), Sao Tomé-Principe, Angola and Mozambique /</subfield>
      <subfield code="c">compiled by David S. Zubatsky.</subfield>
    </datafield>
    <datafield tag="260" ind1=" " ind2=" ">
      <subfield code="a">Durham, N.H. : International Conference Group on Modern Portugal, Dept. of History, University of New Hampshire,</subfield>
      <subfield code="c">1977.</subfield>
    </datafield>
    <datafield tag="300" ind1=" " ind2=" ">
      <subfield code="a">29 cm. ;</subfield>
      <subfield code="c">30 cm.</subfield>
    </datafield>
    <datafield tag="490" ind1="1" ind2=" ">
      <subfield code="a">Essays in Portuguese studies ;</subfield>
      <subfield code="v">no. 1</subfield>
    </datafield>
    <datafield tag="596" ind1=" " ind2=" ">
      <subfield code="a">20</subfield>
    </datafield>
    <datafield tag="651" ind1=" " ind2="0">
      <subfield code="a">Africa, Sub-Saharan</subfield>
      <subfield code="x">Library resources</subfield>
      <subfield code="z">United States.</subfield>
    </datafield>
    <datafield tag="651" ind1=" " ind2="0">
      <subfield code="a">Portugal</subfield>
      <subfield code="x">Colonies</subfield>
      <subfield code="z">Africa</subfield>
      <subfield code="x">Bibliography.</subfield>
    </datafield>
    <datafield tag="651" ind1=" " ind2="0">
      <subfield code="a">Portugal</subfield>
      <subfield code="x">Colonies</subfield>
      <subfield code="z">Africa</subfield>
      <subfield code="x">History</subfield>
      <subfield code="x">Sources</subfield>
      <subfield code="x">Bibliography.</subfield>
    </datafield>
    <datafield tag="830" ind1=" " ind2="0">
      <subfield code="a">Essays in Portuguese studies ;</subfield>
      <subfield code="v">essay no. 1</subfield>
    </datafield>
    <datafield tag="999" ind1=" " ind2=" ">
      <subfield code="a">Z3871.Z8</subfield>
      <subfield code="w">LC</subfield>
      <subfield code="c">1</subfield>
      <subfield code="i">36105082101390</subfield>
      <subfield code="d">8/7/1996</subfield>
      <subfield code="l">SAL-PAGE</subfield>
      <subfield code="m">SAL</subfield>
      <subfield code="p">$40.00</subfield>
      <subfield code="r">Y</subfield>
      <subfield code="s">Y</subfield>
      <subfield code="t">STKS-MONO</subfield>
      <subfield code="u">2/20/1979</subfield>
      <subfield code="o">.TECHSTAFF. tf:HOOVER 06/29/05 batch</subfield>
      <subfield code="o">.TECHSTAFF. 911019</subfield>
    </datafield>
  </record>