
  <record>
    <leader>00778nam a2200205Ma 4500</leader>
    <controlfield tag="001">a2099904</controlfield>
    <controlfield tag="008">850729s1918    ru            000 0 rusod</controlfield>
    <datafield tag="035" ind1=" " ind2=" ">
      <subfield code="a">(OCoLC-M)17779872</subfield>
    </datafield>
    <datafield tag="040" ind1=" " ind2=" ">
      <subfield code="a">CGU</subfield>
      <subfield code="c">CGU</subfield>
      <subfield code="d">STF</subfield>
      <subfield code="d">OrLoB</subfield>
    </datafield>
    <datafield tag="043" ind1=" " ind2=" ">
      <subfield code="a">e-ur---</subfield>
    </datafield>
    <datafield tag="049" ind1=" " ind2=" ">
      <subfield code="a">STFA</subfield>
    </datafield>
    <datafield tag="100" ind1="1" ind2=" ">
      <subfield code="a">Bochkarev, Valentin Nikolaevich,</subfield>
      <subfield code="d">1880-</subfield>
    </datafield>
    <datafield tag="245" ind1="1" ind2="0">
      <subfield code="a">Ocherk istorīi revoli͡ut͡sīonnago dvizhenīi͡a v Rossīi, (XVII-XX v.v.) /</subfield>
      <subfield code="c">V.N. Bochkarev.</subfield>
    </datafield>
    <datafield tag="260" ind1=" " ind2=" ">
      <subfield code="a">Moskva :</subfield>
      <subfield code="b">Russkīĭ knizhnik,</subfield>
      <subfield code="c">1918.</subfield>
    </datafield>
    <datafield tag="300" ind1=" " ind2=" ">
      <subfield code="a">ii, 191 p. ;</subfield>
      <subfield code="c">23 cm.</subfield>
    </datafield>
    <datafield tag="596" ind1=" " ind2=" ">
      <subfield code="a">1</subfield>
    </datafield>
    <datafield tag="650" ind1=" " ind2="0">
      <subfield code="a">Revolutions</subfield>
      <subfield code="z">Soviet Union.</subfield>
    </datafield>
    <datafield tag="650" ind1=" " ind2="0">
      <subfield code="a">Social conflict</subfield>
      <subfield code="z">Soviet Union.</subfield>
    </datafield>
    <datafield tag="651" ind1=" " ind2="0">
      <subfield code="a">Soviet Union</subfield>
      <subfield code="x">History.</subfield>
    </datafield>
    <datafield tag="999" ind1=" " ind2=" ">
      <subfield code="a">DK43 .B63</subfield>
      <subfield code="w">LC</subfield>
      <subfield code="c">1</subfield>
      <subfield code="i">36105041442281</subfield>
      <subfield code="d">5/11/2006</subfield>
      <subfield code="e">5/9/2006</subfield>
      <subfield code="l">STACKS</subfield>
      <subfield code="m">GREEN</subfield>
      <subfield code="p">$40.00</subfield>
      <subfield code="q">1</subfield>
      <subfield code="r">Y</subfield>
      <subfield code="s">Y</subfield>
      <subfield code="t">STKS-MONO</subfield>
      <subfield code="u">7/29/1985</subfield>
      <subfield code="z">DIGI-SENT</subfield>
      <subfield code="o">.TECHSTAFF. rcp2474</subfield>
    </datafield>
  </record>