
  <record>
    <leader>01007cam a2200265   4500</leader>
    <controlfield tag="001">a2214009</controlfield>
    <controlfield tag="008">711202s1949    ilu      b    000 0 eng  </controlfield>
    <datafield tag="010" ind1=" " ind2=" ">
      <subfield code="a">   49011902</subfield>
    </datafield>
    <datafield tag="019" ind1=" " ind2=" ">
      <subfield code="a">8040009</subfield>
    </datafield>
    <datafield tag="035" ind1=" " ind2=" ">
      <subfield code="a">(OCoLC-M)177649</subfield>
    </datafield>
    <datafield tag="040" ind1=" " ind2=" ">
      <subfield code="a">DLC</subfield>
      <subfield code="c">WSU</subfield>
      <subfield code="d">OCL</subfield>
      <subfield code="d">SER</subfield>
      <subfield code="d">m.c.</subfield>
      <subfield code="d">OrLoB</subfield>
    </datafield>
    <datafield tag="049" ind1=" " ind2=" ">
      <subfield code="a">SUVC</subfield>
      <subfield code="c">1-2</subfield>
    </datafield>
    <datafield tag="050" ind1="0" ind2=" ">
      <subfield code="a">LB875</subfield>
      <subfield code="b">.S48</subfield>
    </datafield>
    <datafield tag="082" ind1=" " ind2=" ">
      <subfield code="a">370.1</subfield>
    </datafield>
    <datafield tag="099" ind1=" " ind2=" ">
      <subfield code="a">370.1</subfield>
      <subfield code="b">.S655</subfield>
    </datafield>
    <datafield tag="100" ind1="1" ind2=" ">
      <subfield code="a">Smith, Mortimer Brewster,</subfield>
      <subfield code="d">1906-</subfield>
    </datafield>
    <datafield tag="245" ind1="1" ind2="0">
      <subfield code="a">And madly teach;</subfield>
      <subfield code="b">a layman looks at public school education.</subfield>
    </datafield>
    <datafield tag="260" ind1=" " ind2=" ">
      <subfield code="a">Chicago,</subfield>
      <subfield code="b">H. Regnery Co.,</subfield>
      <subfield code="c">1949.</subfield>
    </datafield>
    <datafield tag="300" ind1=" " ind2=" ">
      <subfield code="a">x, 107 p.</subfield>
      <subfield code="c">18 cm.</subfield>
    </datafield>
    <datafield tag="490" ind1="0" ind2=" ">
      <subfield code="a">The Humanist library, 15</subfield>
    </datafield>
    <datafield tag="504" ind1=" " ind2=" ">
      <subfield code="a">"Bibliographical note": p. 106-107.</subfield>
    </datafield>
    <datafield tag="596" ind1=" " ind2=" ">
      <subfield code="a">11 31</subfield>
    </datafield>
    <datafield tag="650" ind1=" " ind2="0">
      <subfield code="a">Education</subfield>
      <subfield code="x">Philosophy.</subfield>
    </datafield>
    <datafield tag="999" ind1=" " ind2=" ">
      <subfield code="a">370.1 .S655</subfield>
      <subfield code="w">DEWEY</subfield>
      <subfield code="c">2</subfield>
      <subfield code="i">36105033336798</subfield>
      <subfield code="d">6/17/2005</subfield>
      <subfield code="e">6/10/2004</subfield>
      <subfield code="l">WITHDRAWN</subfield>
      <subfield code="m">EDUCATION</subfield>
      <subfield code="n">6</subfield>
      <subfield code="p">$40.00</subfield>
      <subfield code="r">Y</subfield>
      <subfield code="s">Y</subfield>
      <subfield code="t">STKS-MONO</subfield>
      <subfield code="u">12/2/1971</subfield>
    </datafield>
    <datafield tag="999" ind1=" " ind2=" ">
      <subfield code="a">370.1 .S655</subfield>
      <subfield code="w">DEWEY</subfield>
      <subfield code="c">1</subfield>
      <subfield code="i">36105033336780</subfield>
      <subfield code="d">5/26/2003</subfield>
      <subfield code="e">5/15/2003</subfield>
      <subfield code="l">STACKS</subfield>
      <subfield code="m">SAL3</subfield>
      <subfield code="n">1</subfield>
      <subfield code="p">$40.00</subfield>
      <subfield code="r">Y</subfield>
      <subfield code="s">Y</subfield>
      <subfield code="t">STKS-MONO</subfield>
      <subfield code="u">12/2/1971</subfield>
      <subfield code="o">.TECHSTAFF. tf:EDUCATION 05/24/06 batch</subfield>
    </datafield>
  </record>