
  <record>
    <leader>01537cam a2200253   4500</leader>
    <controlfield tag="001">a2328381</controlfield>
    <controlfield tag="008">770114s1920    xx            000 0 eng  </controlfield>
    <datafield tag="010" ind1=" " ind2=" ">
      <subfield code="a">   21005373</subfield>
    </datafield>
    <datafield tag="035" ind1=" " ind2=" ">
      <subfield code="a">(OCoLC-M)2680010</subfield>
    </datafield>
    <datafield tag="040" ind1=" " ind2=" ">
      <subfield code="a">DLC</subfield>
      <subfield code="c">TXR</subfield>
      <subfield code="d">OCL</subfield>
      <subfield code="d">m/c</subfield>
      <subfield code="d">OrLoB</subfield>
    </datafield>
    <datafield tag="049" ind1=" " ind2=" ">
      <subfield code="a">STFA</subfield>
      <subfield code="c">1</subfield>
    </datafield>
    <datafield tag="050" ind1=" " ind2=" ">
      <subfield code="a">PR3724</subfield>
      <subfield code="b">.T3 1920</subfield>
    </datafield>
    <datafield tag="092" ind1=" " ind2=" ">
      <subfield code="a">827.5</subfield>
      <subfield code="b">.S97tg</subfield>
    </datafield>
    <datafield tag="100" ind1="1" ind2=" ">
      <subfield code="a">Swift, Jonathan,</subfield>
      <subfield code="d">1667-1745.</subfield>
    </datafield>
    <datafield tag="245" ind1="1" ind2="2">
      <subfield code="a">A tale of a tub</subfield>
      <subfield code="b">to which is added The battle of the books, and the Mechanical operation of the spirit.</subfield>
      <subfield code="c">By Jonathan Swift.  Together with The history of Martin, Wotton's Observations upon the Tale of a tub, Curll's Complete key, &amp;c.  The whole ed. with an introduction, and notes historical and explanatory, by A. C. Guthkelch and D. Nichol Smith.</subfield>
    </datafield>
    <datafield tag="260" ind1=" " ind2=" ">
      <subfield code="a">Oxford,</subfield>
      <subfield code="b">Clarendon Press,</subfield>
      <subfield code="c">1920.</subfield>
    </datafield>
    <datafield tag="300" ind1=" " ind2=" ">
      <subfield code="a">lxxv, 370 p.</subfield>
      <subfield code="b">plates.</subfield>
      <subfield code="c">24 cm.</subfield>
    </datafield>
    <datafield tag="500" ind1=" " ind2=" ">
      <subfield code="a">With reproduction of original title-pages and illustrations, also of original designs prepares, but not used.</subfield>
    </datafield>
    <datafield tag="596" ind1=" " ind2=" ">
      <subfield code="a">20 31</subfield>
    </datafield>
    <datafield tag="700" ind1="1" ind2=" ">
      <subfield code="a">Guthkelch, Adolph Charles Louis,</subfield>
      <subfield code="d">d. 1916.</subfield>
    </datafield>
    <datafield tag="700" ind1="1" ind2=" ">
      <subfield code="a">Smith, David Nichol,</subfield>
      <subfield code="d">1875-1962.</subfield>
    </datafield>
    <datafield tag="999" ind1=" " ind2=" ">
      <subfield code="a">PR3724.T3</subfield>
      <subfield code="w">LC</subfield>
      <subfield code="c">1</subfield>
      <subfield code="i">36105003934432</subfield>
      <subfield code="d">1/24/2006</subfield>
      <subfield code="e">1/20/2006</subfield>
      <subfield code="l">STACKS</subfield>
      <subfield code="m">SAL</subfield>
      <subfield code="p">$40.00</subfield>
      <subfield code="r">Y</subfield>
      <subfield code="s">Y</subfield>
      <subfield code="t">STKS-MONO</subfield>
      <subfield code="u">1/14/1977</subfield>
      <subfield code="z">DIGI-SENT</subfield>
      <subfield code="o">.TECHSTAFF. tf:MEYER 03/99 batch</subfield>
    </datafield>
    <datafield tag="999" ind1=" " ind2=" ">
      <subfield code="a">PR3724.T3</subfield>
      <subfield code="w">LC</subfield>
      <subfield code="c">2</subfield>
      <subfield code="i">36105003934424</subfield>
      <subfield code="d">1/24/2006</subfield>
      <subfield code="e">1/20/2006</subfield>
      <subfield code="l">STACKS</subfield>
      <subfield code="m">SAL</subfield>
      <subfield code="n">4</subfield>
      <subfield code="p">$40.00</subfield>
      <subfield code="q">1</subfield>
      <subfield code="r">Y</subfield>
      <subfield code="s">Y</subfield>
      <subfield code="t">STKS-MONO</subfield>
      <subfield code="u">1/14/1977</subfield>
      <subfield code="z">DIGI-SENT</subfield>
      <subfield code="o">.TECHSTAFF. tf:MEYER 03/99 batch</subfield>
    </datafield>
    <datafield tag="999" ind1=" " ind2=" ">
      <subfield code="a">827.5 .S97TG</subfield>
      <subfield code="w">DEWEY</subfield>
      <subfield code="c">1</subfield>
      <subfield code="i">36105048104132</subfield>
      <subfield code="d">8/7/1996</subfield>
      <subfield code="l">STACKS</subfield>
      <subfield code="m">SAL3</subfield>
      <subfield code="p">$40.00</subfield>
      <subfield code="r">Y</subfield>
      <subfield code="s">Y</subfield>
      <subfield code="t">STKS-MONO</subfield>
      <subfield code="u">1/14/1977</subfield>
      <subfield code="o">.TECHSTAFF. tf:SAL 09/27/04 batch</subfield>
    </datafield>
  </record>