
  <record>
    <leader>00616cam a2200181 a 4500</leader>
    <controlfield tag="001">a2442876</controlfield>
    <controlfield tag="008">921105s1992    sz            000 1 fre  </controlfield>
    <datafield tag="010" ind1=" " ind2=" ">
      <subfield code="a">   92236011</subfield>
    </datafield>
    <datafield tag="020" ind1=" " ind2=" ">
      <subfield code="a">2825102946</subfield>
    </datafield>
    <datafield tag="035" ind1=" " ind2=" ">
      <subfield code="a">(OCoLC-M)27187669</subfield>
    </datafield>
    <datafield tag="040" ind1=" " ind2=" ">
      <subfield code="a">DLC</subfield>
      <subfield code="c">DLC</subfield>
      <subfield code="d">DGU</subfield>
      <subfield code="d">CSt</subfield>
      <subfield code="d">OrLoB</subfield>
    </datafield>
    <datafield tag="049" ind1=" " ind2=" ">
      <subfield code="a">STFA</subfield>
    </datafield>
    <datafield tag="100" ind1="1" ind2=" ">
      <subfield code="a">Rieben, Pierre-André.</subfield>
    </datafield>
    <datafield tag="245" ind1="1" ind2="4">
      <subfield code="a">Les piétons téméraires /</subfield>
      <subfield code="c">Pierre-André Rieben.</subfield>
    </datafield>
    <datafield tag="260" ind1=" " ind2=" ">
      <subfield code="a">Lausanne :</subfield>
      <subfield code="b">L'Age d'homme,</subfield>
      <subfield code="c">c1992.</subfield>
    </datafield>
    <datafield tag="300" ind1=" " ind2=" ">
      <subfield code="a">167 p. ;</subfield>
      <subfield code="c">21 cm.</subfield>
    </datafield>
    <datafield tag="596" ind1=" " ind2=" ">
      <subfield code="a">1</subfield>
    </datafield>
    <datafield tag="999" ind1=" " ind2=" ">
      <subfield code="a">PQ2678.I26 P54 1992</subfield>
      <subfield code="w">LC</subfield>
      <subfield code="c">1</subfield>
      <subfield code="i">36105043436257</subfield>
      <subfield code="d">4/24/1998</subfield>
      <subfield code="e">11/22/1994</subfield>
      <subfield code="l">STACKS</subfield>
      <subfield code="m">GREEN</subfield>
      <subfield code="n">1</subfield>
      <subfield code="p">$40.00</subfield>
      <subfield code="r">Y</subfield>
      <subfield code="s">Y</subfield>
      <subfield code="t">STKS-MONO</subfield>
      <subfield code="u">12/29/1992</subfield>
      <subfield code="o">.TECHSTAFF. c:beh</subfield>
    </datafield>
  </record>