
  <record>
    <leader>01270cam a2200313 a 4500</leader>
    <controlfield tag="001">a2678655</controlfield>
    <controlfield tag="008">850719s1985    dcua     b   f000 0 eng d</controlfield>
    <datafield tag="035" ind1=" " ind2=" ">
      <subfield code="a">(DGPO)89016008</subfield>
    </datafield>
    <datafield tag="035" ind1=" " ind2=" ">
      <subfield code="a">(OCoLC-M)12282411</subfield>
    </datafield>
    <datafield tag="040" ind1=" " ind2=" ">
      <subfield code="a">GIS</subfield>
      <subfield code="c">GIS</subfield>
      <subfield code="d">m/c</subfield>
      <subfield code="d">GPO</subfield>
      <subfield code="d">MvI</subfield>
      <subfield code="d">OrLoB</subfield>
    </datafield>
    <datafield tag="043" ind1=" " ind2=" ">
      <subfield code="a">n-us---</subfield>
    </datafield>
    <datafield tag="049" ind1=" " ind2=" ">
      <subfield code="a">STFD</subfield>
      <subfield code="c">c1</subfield>
    </datafield>
    <datafield tag="074" ind1=" " ind2=" ">
      <subfield code="a">546-D (MF)</subfield>
    </datafield>
    <datafield tag="086" ind1="0" ind2=" ">
      <subfield code="a">GA 1.13:RCED-85-88</subfield>
    </datafield>
    <datafield tag="088" ind1=" " ind2=" ">
      <subfield code="a">GAO/RCED-85-88</subfield>
    </datafield>
    <datafield tag="088" ind1=" " ind2=" ">
      <subfield code="a">B-215975</subfield>
    </datafield>
    <datafield tag="245" ind1="0" ind2="0">
      <subfield code="a">Issues surrounding continuation of the noncompetitive oil and gas lottery system :</subfield>
      <subfield code="b">report to the chairman, Committee on Interior and Insular Affairs, House of Representatives /</subfield>
      <subfield code="c">by the U.S. General Accounting Office.</subfield>
    </datafield>
    <datafield tag="260" ind1=" " ind2=" ">
      <subfield code="a">Washington, D.C. :</subfield>
      <subfield code="b">The Office,</subfield>
      <subfield code="c">[1985]</subfield>
    </datafield>
    <datafield tag="300" ind1=" " ind2=" ">
      <subfield code="a">6, 46 p. :</subfield>
      <subfield code="b">ill. ;</subfield>
      <subfield code="c">28 cm.</subfield>
    </datafield>
    <datafield tag="500" ind1=" " ind2=" ">
      <subfield code="a">Cover title.</subfield>
    </datafield>
    <datafield tag="500" ind1=" " ind2=" ">
      <subfield code="a">Distributed to depository libraries in microfiche.</subfield>
    </datafield>
    <datafield tag="500" ind1=" " ind2=" ">
      <subfield code="a">"April 4, 1985."</subfield>
    </datafield>
    <datafield tag="500" ind1=" " ind2=" ">
      <subfield code="a">"GAO/RCED-85-88."</subfield>
    </datafield>
    <datafield tag="500" ind1=" " ind2=" ">
      <subfield code="a">"B-215975"--P. [1] (1st group).</subfield>
    </datafield>
    <datafield tag="504" ind1=" " ind2=" ">
      <subfield code="a">Includes bibliographical references.</subfield>
    </datafield>
    <datafield tag="596" ind1=" " ind2=" ">
      <subfield code="a">1</subfield>
    </datafield>
    <datafield tag="650" ind1=" " ind2="0">
      <subfield code="a">Oil and gas leases</subfield>
      <subfield code="z">United States.</subfield>
    </datafield>
    <datafield tag="710" ind1="1" ind2=" ">
      <subfield code="a">United States.</subfield>
      <subfield code="b">General Accounting Office.</subfield>
    </datafield>
    <datafield tag="999" ind1=" " ind2=" ">
      <subfield code="a">GA 1.13:RCED-85-88</subfield>
      <subfield code="w">SUDOC</subfield>
      <subfield code="c">1</subfield>
      <subfield code="i">001ANE5736</subfield>
      <subfield code="d">11/27/1998</subfield>
      <subfield code="l">FED-DOCS</subfield>
      <subfield code="m">GREEN</subfield>
      <subfield code="p">$40.00</subfield>
      <subfield code="r">Y</subfield>
      <subfield code="s">Y</subfield>
      <subfield code="t">GOVSTKS</subfield>
      <subfield code="u">7/19/1985</subfield>
      <subfield code="x">MARCIVE</subfield>
      <subfield code="o">.TECHSTAFF. tf:GOV-DOCS 11/98 batch</subfield>
    </datafield>
  </record>