
  <record>
    <leader>01341nam a2200289 a 4500</leader>
    <controlfield tag="001">a2797607</controlfield>
    <controlfield tag="008">940412s1993    gw c     b    001 0 ger c</controlfield>
    <datafield tag="010" ind1=" " ind2=" ">
      <subfield code="a">   94144563 //r96</subfield>
    </datafield>
    <datafield tag="020" ind1=" " ind2=" ">
      <subfield code="a">3050019301</subfield>
    </datafield>
    <datafield tag="020" ind1=" " ind2=" ">
      <subfield code="a">9783050019307</subfield>
    </datafield>
    <datafield tag="035" ind1=" " ind2=" ">
      <subfield code="a">(OCoLC-M)29935669</subfield>
    </datafield>
    <datafield tag="040" ind1=" " ind2=" ">
      <subfield code="a">CU</subfield>
      <subfield code="c">CU</subfield>
      <subfield code="d">DLC</subfield>
      <subfield code="d">OrLoB</subfield>
    </datafield>
    <datafield tag="041" ind1="1" ind2=" ">
      <subfield code="a">ger</subfield>
      <subfield code="h">lat</subfield>
    </datafield>
    <datafield tag="042" ind1=" " ind2=" ">
      <subfield code="a">lcnccp</subfield>
    </datafield>
    <datafield tag="050" ind1="0" ind2="0">
      <subfield code="a">B781.A33</subfield>
      <subfield code="b">I55 1993</subfield>
    </datafield>
    <datafield tag="100" ind1="1" ind2=" ">
      <subfield code="a">Agrippa von Nettesheim, Heinrich Cornelius,</subfield>
      <subfield code="d">1486?-1535.</subfield>
    </datafield>
    <datafield tag="240" ind1="1" ind2="0">
      <subfield code="a">De incertitudine et vanitate scientiarum.</subfield>
      <subfield code="l">German</subfield>
    </datafield>
    <datafield tag="245" ind1="1" ind2="0">
      <subfield code="a">Über die Fragwürdigkeit, ja Nichtigkeit der Wissenschaften, Künste und Gewerbe /</subfield>
      <subfield code="c">Agrippa von Nettesheim ; mit einem Nachwort herausgegeben von Siegfried Wollgast ; übersetzt und mit Anmerkungen von Gerhard Güpner.</subfield>
    </datafield>
    <datafield tag="260" ind1=" " ind2=" ">
      <subfield code="a">Berlin :</subfield>
      <subfield code="b">Akademie Verlag,</subfield>
      <subfield code="c">c1993.</subfield>
    </datafield>
    <datafield tag="300" ind1=" " ind2=" ">
      <subfield code="a">388 p. :</subfield>
      <subfield code="b">port. ;</subfield>
      <subfield code="c">25 cm.</subfield>
    </datafield>
    <datafield tag="500" ind1=" " ind2=" ">
      <subfield code="a">Translation of: De incertitudine et vanitate scientiarium.</subfield>
    </datafield>
    <datafield tag="504" ind1=" " ind2=" ">
      <subfield code="a">Includes bibliographical references and index.</subfield>
    </datafield>
    <datafield tag="596" ind1=" " ind2=" ">
      <subfield code="a">31</subfield>
    </datafield>
    <datafield tag="650" ind1=" " ind2="0">
      <subfield code="a">Learning and scholarship</subfield>
      <subfield code="x">Early works to 1800.</subfield>
    </datafield>
    <datafield tag="650" ind1=" " ind2="0">
      <subfield code="a">Science</subfield>
      <subfield code="x">Early works to 1800.</subfield>
    </datafield>
    <datafield tag="700" ind1="1" ind2=" ">
      <subfield code="a">Wollgast, Siegfried.</subfield>
    </datafield>
    <datafield tag="999" ind1=" " ind2=" ">
      <subfield code="a">B781 .A33 I55 1993</subfield>
      <subfield code="w">LC</subfield>
      <subfield code="c">1</subfield>
      <subfield code="i">36105004381195</subfield>
      <subfield code="d">8/25/1997</subfield>
      <subfield code="e">2/8/1994</subfield>
      <subfield code="l">STACKS</subfield>
      <subfield code="m">SAL3</subfield>
      <subfield code="p">$40.00</subfield>
      <subfield code="q">2</subfield>
      <subfield code="r">Y</subfield>
      <subfield code="s">Y</subfield>
      <subfield code="t">STKS-MONO</subfield>
      <subfield code="u">1/12/1994</subfield>
      <subfield code="o">.TECHSTAFF. tf:GREEN 07/29/05 batch</subfield>
      <subfield code="o">.TECHSTAFF. c:skt</subfield>
      <subfield code="o">.TECHSTAFF. CIRC.TO PUB-TECH 7/17/97.</subfield>
    </datafield>
  </record>