
  <record>
    <leader>00679nam a22001935a 4500</leader>
    <controlfield tag="001">a3277173</controlfield>
    <controlfield tag="008">910725s1991    fr af         00000 fre  </controlfield>
    <datafield tag="010" ind1=" " ind2=" ">
      <subfield code="a">   91176293</subfield>
    </datafield>
    <datafield tag="020" ind1=" " ind2=" ">
      <subfield code="a">2859569170 :</subfield>
      <subfield code="c">120F</subfield>
    </datafield>
    <datafield tag="035" ind1=" " ind2=" ">
      <subfield code="a">(CSt)notisALW4497</subfield>
    </datafield>
    <datafield tag="040" ind1=" " ind2=" ">
      <subfield code="a">DLC</subfield>
      <subfield code="c">DLC</subfield>
    </datafield>
    <datafield tag="050" ind1="0" ind2="0">
      <subfield code="a">IN PROCESS (ONLINE)</subfield>
    </datafield>
    <datafield tag="100" ind1="1" ind2="0">
      <subfield code="a">Spengler, Christine.</subfield>
    </datafield>
    <datafield tag="245" ind1="1" ind2="4">
      <subfield code="a">Une femme dans la guerre /</subfield>
      <subfield code="c">Christine Spengler ; préface de Jean-Paul Mari.</subfield>
    </datafield>
    <datafield tag="260" ind1="0" ind2=" ">
      <subfield code="a">Paris :</subfield>
      <subfield code="b">Editions Ramsay/de Cortanze,</subfield>
      <subfield code="c">c1991.</subfield>
    </datafield>
    <datafield tag="300" ind1=" " ind2=" ">
      <subfield code="a">275 p., [32] p. of plates :</subfield>
      <subfield code="b">ill. ;</subfield>
      <subfield code="c">22 cm.</subfield>
    </datafield>
    <datafield tag="500" ind1=" " ind2=" ">
      <subfield code="a">PRIORITY 3.</subfield>
    </datafield>
    <datafield tag="596" ind1=" " ind2=" ">
      <subfield code="a">1</subfield>
    </datafield>
    <datafield tag="999" ind1=" " ind2=" ">
      <subfield code="a">WDRNALW4497</subfield>
      <subfield code="w">ASIS</subfield>
      <subfield code="c">1</subfield>
      <subfield code="i">001ALW4497</subfield>
      <subfield code="d">8/30/1996</subfield>
      <subfield code="k">WITHDRAWN</subfield>
      <subfield code="l">STACKS</subfield>
      <subfield code="m">GREEN</subfield>
      <subfield code="p">$40.00</subfield>
      <subfield code="r">Y</subfield>
      <subfield code="s">Y</subfield>
      <subfield code="t">STKS-MONO</subfield>
      <subfield code="u">10/14/1992</subfield>
    </datafield>
  </record>