
  <record>
    <leader>01123cam a2200289Ia 4500</leader>
    <controlfield tag="001">a3400092</controlfield>
    <controlfield tag="008">970424s1996    fr       b    000 0 fre d</controlfield>
    <datafield tag="010" ind1=" " ind2=" ">
      <subfield code="a">  2001318232</subfield>
    </datafield>
    <datafield tag="020" ind1=" " ind2=" ">
      <subfield code="a">2738445799</subfield>
    </datafield>
    <datafield tag="020" ind1=" " ind2=" ">
      <subfield code="a">9782738445797</subfield>
    </datafield>
    <datafield tag="035" ind1=" " ind2=" ">
      <subfield code="a">(OCoLC-M)56481879</subfield>
    </datafield>
    <datafield tag="040" ind1=" " ind2=" ">
      <subfield code="a">FLD</subfield>
      <subfield code="b">fre</subfield>
      <subfield code="c">FLD</subfield>
      <subfield code="d">GZM</subfield>
      <subfield code="d">CSt</subfield>
    </datafield>
    <datafield tag="090" ind1=" " ind2=" ">
      <subfield code="a">BL1844.F8</subfield>
      <subfield code="b">L4 1996</subfield>
    </datafield>
    <datafield tag="092" ind1=" " ind2=" ">
      <subfield code="a">299.512</subfield>
      <subfield code="f">LE</subfield>
    </datafield>
    <datafield tag="100" ind1="1" ind2=" ">
      <subfield code="a">Le, Huu Khoa.</subfield>
    </datafield>
    <datafield tag="245" ind1="1" ind2="2">
      <subfield code="a">L'immigration confucéenne en France :</subfield>
      <subfield code="b">on s'exile toujours avec ses ancêtres : essai de sociologie de l'exil /</subfield>
      <subfield code="c">Le Huu Khoa.</subfield>
    </datafield>
    <datafield tag="260" ind1=" " ind2=" ">
      <subfield code="a">Paris :</subfield>
      <subfield code="b">L'Harmattan,</subfield>
      <subfield code="c">1996.</subfield>
    </datafield>
    <datafield tag="300" ind1=" " ind2=" ">
      <subfield code="a">127 p. ;</subfield>
      <subfield code="c">22 cm.</subfield>
    </datafield>
    <datafield tag="490" ind1="1" ind2=" ">
      <subfield code="a">Collection "Minorités et sociétés"</subfield>
    </datafield>
    <datafield tag="504" ind1=" " ind2=" ">
      <subfield code="a">Includes bibliographical references (p. 125).</subfield>
    </datafield>
    <datafield tag="596" ind1=" " ind2=" ">
      <subfield code="a">1</subfield>
    </datafield>
    <datafield tag="650" ind1=" " ind2="0">
      <subfield code="a">Confucianism</subfield>
      <subfield code="z">France.</subfield>
    </datafield>
    <datafield tag="650" ind1=" " ind2="0">
      <subfield code="a">Immigrants</subfield>
      <subfield code="z">France.</subfield>
    </datafield>
    <datafield tag="650" ind1=" " ind2="0">
      <subfield code="a">Asians</subfield>
      <subfield code="z">France.</subfield>
    </datafield>
    <datafield tag="830" ind1=" " ind2="0">
      <subfield code="a">Collection "Minorités et sociétés."</subfield>
    </datafield>
    <datafield tag="994" ind1=" " ind2=" ">
      <subfield code="a">Z0</subfield>
      <subfield code="b">STF</subfield>
    </datafield>
    <datafield tag="999" ind1=" " ind2=" ">
      <subfield code="a">DC34.5 .A78 L4 1996</subfield>
      <subfield code="w">LC</subfield>
      <subfield code="c">1</subfield>
      <subfield code="i">36105020376997</subfield>
      <subfield code="d">3/12/1998</subfield>
      <subfield code="e">11/12/1997</subfield>
      <subfield code="l">STACKS</subfield>
      <subfield code="m">GREEN</subfield>
      <subfield code="n">1</subfield>
      <subfield code="p">$13.15</subfield>
      <subfield code="r">Y</subfield>
      <subfield code="s">Y</subfield>
      <subfield code="t">STKS-MONO</subfield>
      <subfield code="u">4/29/1997</subfield>
      <subfield code="z">TAX=8.25</subfield>
      <subfield code="o">.TECHSTAFF. FLOW, CLASS [5/8/97]/.COMMENT.DIOG/i:rsp</subfield>
      <subfield code="o">.TECHSTAFF. i:skc 12/17/2003</subfield>
    </datafield>
  </record>