
  <record>
    <leader>00755cam a2200229I  4500</leader>
    <controlfield tag="001">a3743949</controlfield>
    <controlfield tag="008">730111s1971    fr f     b    000 0 spa  </controlfield>
    <datafield tag="010" ind1=" " ind2=" ">
      <subfield code="a">   72302403</subfield>
    </datafield>
    <datafield tag="015" ind1=" " ind2=" ">
      <subfield code="a">F71-12107</subfield>
    </datafield>
    <datafield tag="035" ind1=" " ind2=" ">
      <subfield code="a">(OCoLC-M)535448</subfield>
    </datafield>
    <datafield tag="040" ind1=" " ind2=" ">
      <subfield code="a">DLC</subfield>
      <subfield code="c">DRB</subfield>
      <subfield code="d">OCL</subfield>
    </datafield>
    <datafield tag="049" ind1=" " ind2=" ">
      <subfield code="a">HIN</subfield>
    </datafield>
    <datafield tag="050" ind1="0" ind2=" ">
      <subfield code="a">PQ6613.A763</subfield>
      <subfield code="b">Z648</subfield>
    </datafield>
    <datafield tag="100" ind1="1" ind2=" ">
      <subfield code="a">Gibson, Ian,</subfield>
      <subfield code="d">1939-</subfield>
    </datafield>
    <datafield tag="245" ind1="1" ind2="3">
      <subfield code="a">La represión nacionalista de Granada en 1936 y la muerte de Federico García Lorca.</subfield>
    </datafield>
    <datafield tag="260" ind1=" " ind2=" ">
      <subfield code="a">Paris,</subfield>
      <subfield code="b">Ruedo ibérico,</subfield>
      <subfield code="c">1971.</subfield>
    </datafield>
    <datafield tag="300" ind1=" " ind2=" ">
      <subfield code="a">xii, 168 p.</subfield>
      <subfield code="b">plates.</subfield>
      <subfield code="c">24 cm.</subfield>
    </datafield>
    <datafield tag="490" ind1="0" ind2=" ">
      <subfield code="a">España contemporánea</subfield>
    </datafield>
    <datafield tag="504" ind1=" " ind2=" ">
      <subfield code="a">Bibliography: p. 157-161.</subfield>
    </datafield>
    <datafield tag="596" ind1=" " ind2=" ">
      <subfield code="a">25</subfield>
    </datafield>
    <datafield tag="600" ind1="2" ind2="0">
      <subfield code="a">García Lorca, Federico,</subfield>
      <subfield code="d">1898-1936.</subfield>
    </datafield>
    <datafield tag="999" ind1=" " ind2=" ">
      <subfield code="a">PQ6613 .A73 G44</subfield>
      <subfield code="w">LC</subfield>
      <subfield code="c">1</subfield>
      <subfield code="i">3743949-1001</subfield>
      <subfield code="d">12/3/1997</subfield>
      <subfield code="l">STACKS</subfield>
      <subfield code="m">HOOVER</subfield>
      <subfield code="r">Y</subfield>
      <subfield code="s">Y</subfield>
      <subfield code="t">STKS</subfield>
      <subfield code="u">12/3/1997</subfield>
    </datafield>
  </record>