
  <record>
    <leader>01823cas a22004457a 4500</leader>
    <controlfield tag="001">a4114632</controlfield>
    <controlfield tag="008">961105d19961996dcuuuu       f0    0eng d</controlfield>
    <datafield tag="010" ind1=" " ind2=" ">
      <subfield code="a">sn 97033392</subfield>
    </datafield>
    <datafield tag="035" ind1=" " ind2=" ">
      <subfield code="a">(OCoLC-M)35846288</subfield>
    </datafield>
    <datafield tag="037" ind1=" " ind2=" ">
      <subfield code="b">Secretary to the Commission, U.S. International Trade Commission, Washington, DC 20436</subfield>
    </datafield>
    <datafield tag="040" ind1=" " ind2=" ">
      <subfield code="d">HUL</subfield>
      <subfield code="d">GPO</subfield>
      <subfield code="d">DLC</subfield>
      <subfield code="d">MvI</subfield>
    </datafield>
    <datafield tag="042" ind1=" " ind2=" ">
      <subfield code="a">lcd</subfield>
    </datafield>
    <datafield tag="043" ind1=" " ind2=" ">
      <subfield code="a">n-us---</subfield>
    </datafield>
    <datafield tag="049" ind1=" " ind2=" ">
      <subfield code="a">STF</subfield>
    </datafield>
    <datafield tag="074" ind1=" " ind2=" ">
      <subfield code="a">0980-E-12 (MF)</subfield>
    </datafield>
    <datafield tag="086" ind1="0" ind2=" ">
      <subfield code="a">ITC 1.15/3:</subfield>
      <subfield code="z">ITC 1.12:332-345/996</subfield>
    </datafield>
    <datafield tag="245" ind1="0" ind2="0">
      <subfield code="a">U.S. trade shifts in selected industries.</subfield>
      <subfield code="p">Services.</subfield>
    </datafield>
    <datafield tag="246" ind1="3" ind2=" ">
      <subfield code="a">US trade shifts in selected industries.</subfield>
      <subfield code="p">Services</subfield>
    </datafield>
    <datafield tag="246" ind1="2" ind2=" ">
      <subfield code="a">United States trade shifts in selected industries.</subfield>
      <subfield code="p">Services</subfield>
    </datafield>
    <datafield tag="246" ind1="3" ind2="0">
      <subfield code="a">Services</subfield>
    </datafield>
    <datafield tag="260" ind1=" " ind2=" ">
      <subfield code="a">Washington, DC :</subfield>
      <subfield code="b">U.S. International Trade Commission,</subfield>
      <subfield code="c">1996.</subfield>
    </datafield>
    <datafield tag="300" ind1=" " ind2=" ">
      <subfield code="a">1 v. :</subfield>
      <subfield code="b">ill. ;</subfield>
      <subfield code="c">28 cm</subfield>
    </datafield>
    <datafield tag="310" ind1=" " ind2=" ">
      <subfield code="a">Annual</subfield>
    </datafield>
    <datafield tag="362" ind1="0" ind2=" ">
      <subfield code="a">June 1996.</subfield>
    </datafield>
    <datafield tag="500" ind1=" " ind2=" ">
      <subfield code="a">"Investigation No. 332-345"--Cover p. 1.</subfield>
    </datafield>
    <datafield tag="500" ind1=" " ind2=" ">
      <subfield code="a">Distributed to depository libraries in microfiche.</subfield>
    </datafield>
    <datafield tag="515" ind1=" " ind2=" ">
      <subfield code="a">June 1996 issue covers 1995.</subfield>
    </datafield>
    <datafield tag="550" ind1=" " ind2=" ">
      <subfield code="a">Prepared by: Office of Industries.</subfield>
    </datafield>
    <datafield tag="596" ind1=" " ind2=" ">
      <subfield code="a">1</subfield>
    </datafield>
    <datafield tag="650" ind1=" " ind2="0">
      <subfield code="a">Industrial statistics</subfield>
      <subfield code="z">United States</subfield>
      <subfield code="v">Periodicals.</subfield>
    </datafield>
    <datafield tag="651" ind1=" " ind2="0">
      <subfield code="a">United States</subfield>
      <subfield code="x">Commerce</subfield>
      <subfield code="x">Statistics</subfield>
      <subfield code="v">Periodicals.</subfield>
    </datafield>
    <datafield tag="710" ind1="2" ind2=" ">
      <subfield code="a">United States International Trade Commission.</subfield>
      <subfield code="b">Office of Industries.</subfield>
    </datafield>
    <datafield tag="710" ind1="2" ind2=" ">
      <subfield code="a">United States International Trade Commission.</subfield>
    </datafield>
    <datafield tag="780" ind1="0" ind2="1">
      <subfield code="t">U.S. trade shifts in selected industries</subfield>
      <subfield code="w">(DLC)sn 95020022</subfield>
      <subfield code="w">(OCoLC)31505755</subfield>
    </datafield>
    <datafield tag="785" ind1="0" ind2="0">
      <subfield code="t">Recent trends in U.S. services trade</subfield>
      <subfield code="w">(OCoLC)37916848</subfield>
    </datafield>
    <datafield tag="787" ind1="1" ind2=" ">
      <subfield code="t">U.S. trade shifts in selected industries. Merchandise</subfield>
      <subfield code="w">(DLC)sn 96020395</subfield>
      <subfield code="w">(OCoLC)35202859</subfield>
    </datafield>
    <datafield tag="830" ind1=" " ind2="0">
      <subfield code="a">USITC publication.</subfield>
    </datafield>
    <datafield tag="850" ind1=" " ind2=" ">
      <subfield code="a">MH-BA</subfield>
    </datafield>
    <datafield tag="984" ind1=" " ind2=" ">
      <subfield code="a">s</subfield>
    </datafield>
    <datafield tag="999" ind1=" " ind2=" ">
      <subfield code="a">ITC 1.15/3:</subfield>
      <subfield code="w">SUDOC</subfield>
      <subfield code="c">1</subfield>
      <subfield code="i">4114632-1001</subfield>
      <subfield code="d">7/12/1999</subfield>
      <subfield code="l">FED-DOCS</subfield>
      <subfield code="m">GREEN</subfield>
      <subfield code="r">Y</subfield>
      <subfield code="s">Y</subfield>
      <subfield code="t">GOVSTKS</subfield>
      <subfield code="u">7/12/1999</subfield>
      <subfield code="x">MARCIVE</subfield>
    </datafield>
  </record>