
  <record>
    <leader>01458nam a22003497a 4500</leader>
    <controlfield tag="001">a4258089</controlfield>
    <controlfield tag="008">991005s1997    dcu     b    f000 0 eng d</controlfield>
    <datafield tag="035" ind1=" " ind2=" ">
      <subfield code="a">tmp97208143</subfield>
    </datafield>
    <datafield tag="035" ind1=" " ind2=" ">
      <subfield code="a">(OCoLC-M)42554376</subfield>
    </datafield>
    <datafield tag="037" ind1=" " ind2=" ">
      <subfield code="a">19970025141</subfield>
      <subfield code="b">NASA</subfield>
    </datafield>
    <datafield tag="040" ind1=" " ind2=" ">
      <subfield code="a">GPO</subfield>
      <subfield code="c">GPO</subfield>
      <subfield code="d">DLC</subfield>
      <subfield code="d">MvI</subfield>
    </datafield>
    <datafield tag="074" ind1=" " ind2=" ">
      <subfield code="a">0830-H-14 (MF)</subfield>
    </datafield>
    <datafield tag="086" ind1="0" ind2=" ">
      <subfield code="a">NAS 1.26:205100</subfield>
    </datafield>
    <datafield tag="245" ind1="0" ind2="2">
      <subfield code="a">A determination of the source of Jovian hectometric radiation via occultation by Ganymede</subfield>
      <subfield code="h">[microform] /</subfield>
      <subfield code="c">W.S. Kurth ... [et al.].</subfield>
    </datafield>
    <datafield tag="260" ind1=" " ind2=" ">
      <subfield code="a">[Washington, DC :</subfield>
      <subfield code="b">National Aeronautics and Space Administration ;</subfield>
      <subfield code="a">Springfield, Va. :</subfield>
      <subfield code="b">National Technical Information Service, distributor,</subfield>
      <subfield code="c">1997]</subfield>
    </datafield>
    <datafield tag="300" ind1=" " ind2=" ">
      <subfield code="a">1 v.</subfield>
    </datafield>
    <datafield tag="490" ind1="1" ind2=" ">
      <subfield code="a">[NASA contractor report] ;</subfield>
      <subfield code="v">NASA-CR-205100</subfield>
    </datafield>
    <datafield tag="500" ind1=" " ind2=" ">
      <subfield code="a">Shipping list no.: 98-0283-M.</subfield>
    </datafield>
    <datafield tag="533" ind1=" " ind2=" ">
      <subfield code="a">Microfiche.</subfield>
      <subfield code="b">[Washington, D.C. :</subfield>
      <subfield code="c">National Aeronautics and Space Administration,</subfield>
      <subfield code="d">1997]</subfield>
      <subfield code="e">1 microfiche.</subfield>
    </datafield>
    <datafield tag="596" ind1=" " ind2=" ">
      <subfield code="a">1</subfield>
    </datafield>
    <datafield tag="650" ind1=" " ind2="7">
      <subfield code="a">Galileo spacecraft.</subfield>
      <subfield code="2">nasat</subfield>
    </datafield>
    <datafield tag="650" ind1=" " ind2="7">
      <subfield code="a">Flyby missions.</subfield>
      <subfield code="2">nasat</subfield>
    </datafield>
    <datafield tag="650" ind1=" " ind2="7">
      <subfield code="a">Radio emission.</subfield>
      <subfield code="2">nasat</subfield>
    </datafield>
    <datafield tag="650" ind1=" " ind2="7">
      <subfield code="a">Radio frequencies.</subfield>
      <subfield code="2">nasat</subfield>
    </datafield>
    <datafield tag="650" ind1=" " ind2="7">
      <subfield code="a">Ganymede.</subfield>
      <subfield code="2">nasat</subfield>
    </datafield>
    <datafield tag="650" ind1=" " ind2="7">
      <subfield code="a">Magnetic flux.</subfield>
      <subfield code="2">nasat</subfield>
    </datafield>
    <datafield tag="650" ind1=" " ind2="7">
      <subfield code="a">Magnetic fields.</subfield>
      <subfield code="2">nasat</subfield>
    </datafield>
    <datafield tag="650" ind1=" " ind2="7">
      <subfield code="a">Frequency ranges.</subfield>
      <subfield code="2">nasat</subfield>
    </datafield>
    <datafield tag="700" ind1="1" ind2=" ">
      <subfield code="a">Kurth, W. S.</subfield>
    </datafield>
    <datafield tag="710" ind1="1" ind2=" ">
      <subfield code="a">United States.</subfield>
      <subfield code="b">National Aeronautics and Space Administration.</subfield>
    </datafield>
    <datafield tag="830" ind1=" " ind2="0">
      <subfield code="a">NASA contractor report ;</subfield>
      <subfield code="v">NASA-CR-205100.</subfield>
    </datafield>
    <datafield tag="999" ind1=" " ind2=" ">
      <subfield code="a">NAS 1.26:205100</subfield>
      <subfield code="w">SUDOC</subfield>
      <subfield code="c">1</subfield>
      <subfield code="i">4258089-1001</subfield>
      <subfield code="l">FED-DOCS</subfield>
      <subfield code="m">GREEN</subfield>
      <subfield code="r">Y</subfield>
      <subfield code="s">Y</subfield>
      <subfield code="t">GOVSTKS</subfield>
      <subfield code="u">11/11/1999</subfield>
      <subfield code="x">MARCIVE</subfield>
    </datafield>
  </record>