
  <record>
    <leader>00895cam a22002297  45 0</leader>
    <controlfield tag="001">a4578538</controlfield>
    <controlfield tag="008">850909|||||||||xx |||||||||||||||||eng||</controlfield>
    <datafield tag="027" ind1="1" ind2=" ">
      <subfield code="a">SEL-69-048</subfield>
    </datafield>
    <datafield tag="027" ind1="1" ind2=" ">
      <subfield code="a">Technical report 1965-</subfield>
    </datafield>
    <datafield tag="035" ind1=" " ind2=" ">
      <subfield code="a">(OCoLC-M)123297391</subfield>
    </datafield>
    <datafield tag="110" ind1="2" ind2="0">
      <subfield code="a">Stanford University.</subfield>
      <subfield code="b">Stanford Electronics Laboratories.</subfield>
      <subfield code="n">SEL-69-048.</subfield>
    </datafield>
    <datafield tag="245" ind1="1" ind2="0">
      <subfield code="a">HF high data rate compressive spectrum analyzer.</subfield>
    </datafield>
    <datafield tag="260" ind1="1" ind2=" ">
      <subfield code="c">November 1969.</subfield>
    </datafield>
    <datafield tag="300" ind1=" " ind2=" ">
      <subfield code="a">47p.</subfield>
    </datafield>
    <datafield tag="536" ind1=" " ind2=" ">
      <subfield code="b">DAAB-07-69-C-0081</subfield>
    </datafield>
    <datafield tag="596" ind1=" " ind2=" ">
      <subfield code="a">31</subfield>
    </datafield>
    <datafield tag="700" ind1="1" ind2=" ">
      <subfield code="a">Hewitt, H. S.</subfield>
    </datafield>
    <datafield tag="700" ind1="1" ind2=" ">
      <subfield code="a">Kamen, E.</subfield>
    </datafield>
    <datafield tag="700" ind1="1" ind2=" ">
      <subfield code="a">Mikulsky, J.</subfield>
    </datafield>
    <datafield tag="710" ind1="2" ind2="0">
      <subfield code="a">Stanford University.</subfield>
      <subfield code="b">Stanford Electronics Laboratories.</subfield>
      <subfield code="b">Systems Techniques Laboratory.</subfield>
      <subfield code="n">Technical report 1965-</subfield>
    </datafield>
    <datafield tag="710" ind1="1" ind2=" ">
      <subfield code="a">United States.</subfield>
      <subfield code="b">Army Electronics Command.</subfield>
    </datafield>
    <datafield tag="999" ind1=" " ind2=" ">
      <subfield code="a">SUSEL-69048</subfield>
      <subfield code="w">ALPHANUM</subfield>
      <subfield code="c">1</subfield>
      <subfield code="i">36105046377987</subfield>
      <subfield code="d">5/4/2006</subfield>
      <subfield code="e">4/12/2006</subfield>
      <subfield code="l">STACKS</subfield>
      <subfield code="m">SAL3</subfield>
      <subfield code="r">Y</subfield>
      <subfield code="s">Y</subfield>
      <subfield code="t">STKS-MONO</subfield>
      <subfield code="u">7/28/2001</subfield>
      <subfield code="z">DIGI-SENT</subfield>
      <subfield code="o">.TECHSTAFF. tf:ENG 05/04/06 batch</subfield>
    </datafield>
  </record>