
  <record>
    <leader>01346cam a2200325 a 45 0</leader>
    <controlfield tag="001">a4698973</controlfield>
    <controlfield tag="008">001107s2000    sa       b    000 0 eng d</controlfield>
    <datafield tag="010" ind1=" " ind2=" ">
      <subfield code="a">  2001390415</subfield>
    </datafield>
    <datafield tag="020" ind1=" " ind2=" ">
      <subfield code="a">1875053190 (pbk.)</subfield>
    </datafield>
    <datafield tag="020" ind1=" " ind2=" ">
      <subfield code="a">9781875053193 (pbk.)</subfield>
    </datafield>
    <datafield tag="035" ind1=" " ind2=" ">
      <subfield code="a">(MH)MHBQG69954HU</subfield>
    </datafield>
    <datafield tag="035" ind1=" " ind2=" ">
      <subfield code="a">(OCoLC-M)45292580</subfield>
    </datafield>
    <datafield tag="040" ind1=" " ind2=" ">
      <subfield code="a">*NX@*</subfield>
      <subfield code="c">*NX@*</subfield>
      <subfield code="d">MH-AH</subfield>
      <subfield code="d">CStRLIN</subfield>
    </datafield>
    <datafield tag="082" ind1="0" ind2="4">
      <subfield code="a">266</subfield>
      <subfield code="2">21</subfield>
    </datafield>
    <datafield tag="245" ind1="0" ind2="0">
      <subfield code="a">To cast fire upon the earth :</subfield>
      <subfield code="b">Bible and mission collaborating in today's multicultural global context /</subfield>
      <subfield code="c">edited by Teresa Okure.</subfield>
    </datafield>
    <datafield tag="246" ind1="3" ind2="0">
      <subfield code="a">Bible and mission collaborating in today's multicultural global context</subfield>
    </datafield>
    <datafield tag="260" ind1=" " ind2=" ">
      <subfield code="a">Pietermaritzburg :</subfield>
      <subfield code="b">Cluster Publications,</subfield>
      <subfield code="c">2000.</subfield>
    </datafield>
    <datafield tag="300" ind1=" " ind2=" ">
      <subfield code="a">xv, 248 p. ;</subfield>
      <subfield code="c">21 cm.</subfield>
    </datafield>
    <datafield tag="500" ind1=" " ind2=" ">
      <subfield code="a">"A project of BISAM, an interest group of IAMS."</subfield>
    </datafield>
    <datafield tag="504" ind1=" " ind2=" ">
      <subfield code="a">Includes bibliographical references.</subfield>
    </datafield>
    <datafield tag="596" ind1=" " ind2=" ">
      <subfield code="a">31</subfield>
    </datafield>
    <datafield tag="650" ind1=" " ind2="0">
      <subfield code="a">Missions</subfield>
      <subfield code="x">Theory.</subfield>
    </datafield>
    <datafield tag="650" ind1=" " ind2="0">
      <subfield code="a">Missions</subfield>
      <subfield code="x">Biblical teaching.</subfield>
    </datafield>
    <datafield tag="650" ind1=" " ind2="0">
      <subfield code="a">Multiculturalism</subfield>
      <subfield code="x">Religious aspects</subfield>
      <subfield code="x">Christianity.</subfield>
    </datafield>
    <datafield tag="650" ind1=" " ind2="0">
      <subfield code="a">Missions</subfield>
      <subfield code="z">Africa.</subfield>
    </datafield>
    <datafield tag="650" ind1=" " ind2="0">
      <subfield code="a">Religious pluralism.</subfield>
    </datafield>
    <datafield tag="650" ind1=" " ind2="0">
      <subfield code="a">Christianity and culture.</subfield>
    </datafield>
    <datafield tag="700" ind1="1" ind2=" ">
      <subfield code="a">Okure, Teresa.</subfield>
    </datafield>
    <datafield tag="710" ind1="2" ind2=" ">
      <subfield code="a">Bible Studies and Mission.</subfield>
    </datafield>
    <datafield tag="999" ind1=" " ind2=" ">
      <subfield code="a">BV2061 .T6 2000</subfield>
      <subfield code="w">LC</subfield>
      <subfield code="c">1</subfield>
      <subfield code="i">36105111343005</subfield>
      <subfield code="d">7/10/2002</subfield>
      <subfield code="e">4/25/2002</subfield>
      <subfield code="l">STACKS</subfield>
      <subfield code="m">SAL3</subfield>
      <subfield code="n">2</subfield>
      <subfield code="r">Y</subfield>
      <subfield code="s">Y</subfield>
      <subfield code="t">STKS-MONO</subfield>
      <subfield code="u">4/8/2002</subfield>
      <subfield code="z">TAX=8.25</subfield>
      <subfield code="o">.TECHSTAFF. tf:GREEN 06/19/07 batch</subfield>
      <subfield code="o">.TECHSTAFF. r:mds  04/08/2002/c:eb</subfield>
    </datafield>
  </record>