
  <record>
    <leader>02385nam a2200421 a 4500</leader>
    <controlfield tag="001">a4823592</controlfield>
    <controlfield tag="008">020717s2001    dcuab    b   f000 0 eng c</controlfield>
    <datafield tag="010" ind1=" " ind2=" ">
      <subfield code="a">  2002435898</subfield>
    </datafield>
    <datafield tag="020" ind1=" " ind2=" ">
      <subfield code="a">0160686164</subfield>
    </datafield>
    <datafield tag="020" ind1=" " ind2=" ">
      <subfield code="a">9780160686160</subfield>
    </datafield>
    <datafield tag="035" ind1=" " ind2=" ">
      <subfield code="a">(OCoLC-M)50186030</subfield>
    </datafield>
    <datafield tag="040" ind1=" " ind2=" ">
      <subfield code="a">FTC</subfield>
      <subfield code="c">FTC</subfield>
      <subfield code="d">GPO</subfield>
      <subfield code="d">DLC</subfield>
      <subfield code="d">MvI</subfield>
    </datafield>
    <datafield tag="042" ind1=" " ind2=" ">
      <subfield code="a">pcc</subfield>
    </datafield>
    <datafield tag="043" ind1=" " ind2=" ">
      <subfield code="a">n-us---</subfield>
    </datafield>
    <datafield tag="074" ind1=" " ind2=" ">
      <subfield code="a">1016-A</subfield>
    </datafield>
    <datafield tag="074" ind1=" " ind2=" ">
      <subfield code="a">1016-A (online)</subfield>
    </datafield>
    <datafield tag="074" ind1=" " ind2=" ">
      <subfield code="a">1016-B (MF)</subfield>
    </datafield>
    <datafield tag="074" ind1=" " ind2=" ">
      <subfield code="a">1016-B (online)</subfield>
    </datafield>
    <datafield tag="086" ind1="0" ind2=" ">
      <subfield code="a">Y 4.G 74/7:G 21/10</subfield>
    </datafield>
    <datafield tag="088" ind1=" " ind2=" ">
      <subfield code="a">Serial no. 107-55 (United States. Congress. House. Committee on Government Reform)</subfield>
    </datafield>
    <datafield tag="110" ind1="1" ind2=" ">
      <subfield code="a">United States.</subfield>
      <subfield code="b">Congress.</subfield>
      <subfield code="b">House.</subfield>
      <subfield code="b">Committee on Government Reform.</subfield>
      <subfield code="b">Subcommittee on Energy Policy, Natural Resources, and Regulatory Affairs.</subfield>
    </datafield>
    <datafield tag="245" ind1="1" ind2="0">
      <subfield code="a">Gasoline supply--another energy crisis? :</subfield>
      <subfield code="b">hearing before the Subcommittee on Energy Policy, Natural Resources, and Regulatory Affairs of the Committee on Government Reform, House of Representatives, One Hundred Seventh Congress, first session, June 14, 2001.</subfield>
    </datafield>
    <datafield tag="246" ind1="2" ind2=" ">
      <subfield code="a">Gasoline supply, another energy crisis?</subfield>
    </datafield>
    <datafield tag="260" ind1=" " ind2=" ">
      <subfield code="a">Washington :</subfield>
      <subfield code="b">U.S. G.P.O. :</subfield>
      <subfield code="b">For sale by the Supt. of Docs., U.S. G.P.O. [Congressional Sales Office],</subfield>
      <subfield code="c">2001.</subfield>
    </datafield>
    <datafield tag="300" ind1=" " ind2=" ">
      <subfield code="a">iii, 375 p. :</subfield>
      <subfield code="b">ill., maps ;</subfield>
      <subfield code="c">24 cm.</subfield>
    </datafield>
    <datafield tag="500" ind1=" " ind2=" ">
      <subfield code="a">Distributed to some depository libraries in microfiche.</subfield>
    </datafield>
    <datafield tag="500" ind1=" " ind2=" ">
      <subfield code="a">Shipping list no.: 2002-0235-P.</subfield>
    </datafield>
    <datafield tag="500" ind1=" " ind2=" ">
      <subfield code="a">"Serial no. 107-55."</subfield>
    </datafield>
    <datafield tag="504" ind1=" " ind2=" ">
      <subfield code="a">Includes bibliographical references.</subfield>
    </datafield>
    <datafield tag="530" ind1=" " ind2=" ">
      <subfield code="a">Also available via Internet from the GPO Access web site. Addresses as of 8/14/02: http://frwebgate.access.gpo.gov/cgi-bin/getdoc.cgi ?dbname=107h̲ouseh̲earings&amp;docid=f:77984.wais (text version), http://frwebgate.access.gpo.gov/cgi-bin/getdoc.cgi ?dbname=107h̲ouseh̲earings&amp;docid=f:77984.pdf (PDF version); current access is available via PURLs.</subfield>
    </datafield>
    <datafield tag="596" ind1=" " ind2=" ">
      <subfield code="a">24</subfield>
    </datafield>
    <datafield tag="650" ind1=" " ind2="0">
      <subfield code="a">Gasoline supply</subfield>
      <subfield code="z">United States.</subfield>
    </datafield>
    <datafield tag="650" ind1=" " ind2="0">
      <subfield code="a">Petroleum</subfield>
      <subfield code="x">Refining</subfield>
      <subfield code="x">Industrial capacity</subfield>
      <subfield code="z">United States.</subfield>
    </datafield>
    <datafield tag="650" ind1=" " ind2="0">
      <subfield code="a">Gasoline</subfield>
      <subfield code="x">Standards</subfield>
      <subfield code="x">Economic aspects</subfield>
      <subfield code="z">United States.</subfield>
    </datafield>
    <datafield tag="650" ind1=" " ind2="0">
      <subfield code="a">Petroleum industry and trade</subfield>
      <subfield code="z">United States.</subfield>
    </datafield>
    <datafield tag="856" ind1="4" ind2="1">
      <subfield code="3">Text version:</subfield>
      <subfield code="u">http://purl.access.gpo.gov/GPO/LPS21381</subfield>
    </datafield>
    <datafield tag="856" ind1="4" ind2="1">
      <subfield code="3">PDF version:</subfield>
      <subfield code="u">http://purl.access.gpo.gov/GPO/LPS21382</subfield>
      <subfield code="z">Adobe Acrobat Reader required</subfield>
    </datafield>
    <datafield tag="999" ind1=" " ind2=" ">
      <subfield code="a">Y 4.G 74/7:G 21/10</subfield>
      <subfield code="w">SUDOC</subfield>
      <subfield code="c">1</subfield>
      <subfield code="i">36105063104488</subfield>
      <subfield code="d">6/13/2007</subfield>
      <subfield code="e">5/31/2007</subfield>
      <subfield code="l">BASEMENT</subfield>
      <subfield code="m">LAW</subfield>
      <subfield code="r">Y</subfield>
      <subfield code="s">Y</subfield>
      <subfield code="t">LAW-STKS</subfield>
      <subfield code="u">9/11/2002</subfield>
      <subfield code="x">MARCIVE</subfield>
      <subfield code="z">DIGI-SENT</subfield>
    </datafield>
  </record>