
  <record>
    <leader>04473cam a2200313Ia 4500</leader>
    <controlfield tag="001">a5666387</controlfield>
    <controlfield tag="008">040202s2003    fi g     b    100 0deng d</controlfield>
    <datafield tag="020" ind1=" " ind2=" ">
      <subfield code="a">9529658931</subfield>
    </datafield>
    <datafield tag="020" ind1=" " ind2=" ">
      <subfield code="a">9789529658930</subfield>
    </datafield>
    <datafield tag="035" ind1=" " ind2=" ">
      <subfield code="a">(OCoLC-M)54329269</subfield>
    </datafield>
    <datafield tag="040" ind1=" " ind2=" ">
      <subfield code="a">GZM</subfield>
      <subfield code="c">GZM</subfield>
    </datafield>
    <datafield tag="041" ind1="0" ind2=" ">
      <subfield code="a">eng</subfield>
      <subfield code="a">ger</subfield>
    </datafield>
    <datafield tag="090" ind1=" " ind2=" ">
      <subfield code="a">ML410.S54</subfield>
      <subfield code="b">I58 2000</subfield>
    </datafield>
    <datafield tag="111" ind1="2" ind2=" ">
      <subfield code="a">International Jean Sibelius Conference</subfield>
      <subfield code="n">(3rd :</subfield>
      <subfield code="d">2000 :</subfield>
      <subfield code="c">Helsinki, Finland)</subfield>
    </datafield>
    <datafield tag="245" ind1="1" ind2="0">
      <subfield code="a">Sibelius forum II :</subfield>
      <subfield code="b">proceedings from the third International Jean Sibelius Conference, Helsinki, December 7-10, 2000 /</subfield>
      <subfield code="c">edited by Matti Huttunen, Kari Kilpeläinen and Veijo Murtomäki.</subfield>
    </datafield>
    <datafield tag="260" ind1=" " ind2=" ">
      <subfield code="a">Helsinki :</subfield>
      <subfield code="b">Sibelius Academy, Department of Composition and Music Theory,</subfield>
      <subfield code="c">2003.</subfield>
    </datafield>
    <datafield tag="300" ind1=" " ind2=" ">
      <subfield code="a">459 p. :</subfield>
      <subfield code="b">music ;</subfield>
      <subfield code="c">25 cm.</subfield>
    </datafield>
    <datafield tag="504" ind1=" " ind2=" ">
      <subfield code="a">Includes bibliographical references and index.</subfield>
    </datafield>
    <datafield tag="505" ind1="0" ind2=" ">
      <subfield code="a">Source and manuscript studies: Sibelius's diary / F. Dahlström -- The letters / M. Hartikainen -- The Jean Sibelius Complete edition / Editorial Board of the JSW -- The evolution of Jean Sibelius's songs as seen in his musical manuscripts / J. Tiilikainen -- Some notes on the original instrumental parts for the première of Sibelius's Fourth symphony / N.S. Josephson -- The Third symphony : a sketch study / T. Virtanen.</subfield>
    </datafield>
    <datafield tag="505" ind1="0" ind2=" ">
      <subfield code="a">Historical studies: Sibelius as a problem in musical historiography / I. Oramo -- Sibelius's Fourth symphony on record / R. Layton -- The Fourth symphony : ending and beginning in complete disaster / D. Pickett -- Sibelius's Skogsrået / B. Pinder -- Jean Sibelius's youth production for piano, 1885-1891 / F. Gräsbeck -- A tale of two concerti in Finland : the Sibelius Violin concerto (1903-05) and Selim Palmgren's First piano concerto (1904) / B. Hong -- The symphonic legacy of Sibelius : Harold Bloom's theory of anxiety influence and the intertextuality between Sibelius and the symphonies of Einar Englund and Joonas Kokkonen / E. Jurkowski -- Sibelius unstrung : his works for violin and piano contrasted to more popular pieces by contemporary violinist-composers / R.A. Brown -- Sibelius and Estonian choral music / M. Männik-Kirme -- Brucknerian models : sonata form and linked internal auxiliary cadences / T.L. Jackson.</subfield>
    </datafield>
    <datafield tag="505" ind1="0" ind2=" ">
      <subfield code="a">Analytical approaches: Metaphors of nature and organicism in the epistemology of music : a "biosemiotic" introduction to the analysis of Jean Sibelius's symphonic thought / E. Tarasti -- "From fragments into themes" revisited / J.C. Kraus -- Jean Sibelius's metrical revisions / T. Kallio -- Sonic design in Jean Sibelius's orchestral music / R. Weidberg -- The story of C-B : linear and contrapuntal projections in the Third symphony of Sibelius / L. Black -- Growth process with variable manipulations : sonata form structure of the introduction of Kullervo / S. Kambe -- Landscape and structural perspective in Nightride and sunrise / D. Grimley -- Sibelius's progressive impulse : rhythm and meter in The bard / S.A. Harper -- Finale der Lemminkäinen Suite als Beispiel der ungewöhnlichen Synthese von Klangfarben und Formbildung / T. Gellis -- Loss of love in two Sibelius songs / L. Suurpää -- The art of "plaiting garlands" and "making up bouquets" in Jean Sibelius's song cycle, op. 88 / I. Gornaya -- Sibelius and his "free moments" at the piano / J. Alesaro -- The romantic idiom of Sibelius's waltzes / I. Baranova -- Sibelius's Kyllikki / S. Välimäki -- The blind men and the elephant? : formal analogy as metaphor in British Sibelius studies, 1935-1965 / B. Lowe.</subfield>
    </datafield>
    <datafield tag="505" ind1="0" ind2=" ">
      <subfield code="a">Political and cultural perspectives: Sibelius, composer and patriot / V. Murtomäki -- The influence of literature on Sibelius / F.K. Smith -- Aalto, Sibelius and fragments from forest culture / S. Menin -- Reading the profound logic / P. Franklin -- Natur und Heimat in der Sibelius-Rezeption / T. Mäkelä -- Jean Sibelius ein Politikum? / R.-M. Eicher -- Adorno's critique of Sibelius / A. Vihinen -- Finlandia awakens / J. Hepokoski -- Sibelius's reception in Eastern Europe and the "nationalist" stigmata / M.S. Holmes --Sibelius, Skogrået, and the history of sexuality / J. Kallberg -- The archetypal power of Sibelius / Y.D. Mosig.</subfield>
    </datafield>
    <datafield tag="546" ind1=" " ind2=" ">
      <subfield code="a">Papers in English or German.</subfield>
    </datafield>
    <datafield tag="596" ind1=" " ind2=" ">
      <subfield code="a">18</subfield>
    </datafield>
    <datafield tag="600" ind1="1" ind2="0">
      <subfield code="a">Sibelius, Jean,</subfield>
      <subfield code="d">1865-1957</subfield>
      <subfield code="v">Congresses.</subfield>
    </datafield>
    <datafield tag="650" ind1=" " ind2="0">
      <subfield code="a">Music</subfield>
      <subfield code="v">Congresses.</subfield>
    </datafield>
    <datafield tag="700" ind1="1" ind2=" ">
      <subfield code="a">Huttunen, Matti.</subfield>
      <subfield code="4">edt</subfield>
    </datafield>
    <datafield tag="994" ind1=" " ind2=" ">
      <subfield code="a">Z0</subfield>
      <subfield code="b">STF</subfield>
    </datafield>
    <datafield tag="999" ind1=" " ind2=" ">
      <subfield code="a">ML410 .S54 I58 2000</subfield>
      <subfield code="w">LC</subfield>
      <subfield code="c">1</subfield>
      <subfield code="i">36105114964369</subfield>
      <subfield code="d">6/23/2008</subfield>
      <subfield code="e">6/20/2008</subfield>
      <subfield code="l">STACKS</subfield>
      <subfield code="m">MUSIC</subfield>
      <subfield code="n">2</subfield>
      <subfield code="q">1</subfield>
      <subfield code="r">Y</subfield>
      <subfield code="s">Y</subfield>
      <subfield code="t">STKS</subfield>
      <subfield code="u">10/14/2004</subfield>
      <subfield code="z">TAX=8.25</subfield>
    </datafield>
  </record>