
  <record>
    <leader>00516cam a22001455  45 0</leader>
    <controlfield tag="001">a5816672</controlfield>
    <controlfield tag="008">050504s2004    ck            000 0 spa u</controlfield>
    <datafield tag="020" ind1=" " ind2=" ">
      <subfield code="a">9586650707</subfield>
    </datafield>
    <datafield tag="245" ind1="0" ind2="0">
      <subfield code="a">Saberes de vida :</subfield>
      <subfield code="b">por el bienestar de las nuevas generaciones.</subfield>
    </datafield>
    <datafield tag="250" ind1=" " ind2=" ">
      <subfield code="a">1. ed.</subfield>
    </datafield>
    <datafield tag="260" ind1=" " ind2=" ">
      <subfield code="a">Bogotá :</subfield>
      <subfield code="b">Siglo del Hombre,</subfield>
      <subfield code="c">2004.</subfield>
    </datafield>
    <datafield tag="300" ind1=" " ind2=" ">
      <subfield code="a">343 p.</subfield>
    </datafield>
    <datafield tag="596" ind1=" " ind2=" ">
      <subfield code="a">1</subfield>
    </datafield>
    <datafield tag="693" ind1=" " ind2=" ">
      <subfield code="a">Sustainable development;</subfield>
      <subfield code="a">Andes</subfield>
    </datafield>
    <datafield tag="999" ind1=" " ind2=" ">
      <subfield code="a">HC170 .E5 S23 2004</subfield>
      <subfield code="w">LC</subfield>
      <subfield code="c">1</subfield>
      <subfield code="i">36105119838311</subfield>
      <subfield code="d">6/24/2008</subfield>
      <subfield code="e">6/16/2008</subfield>
      <subfield code="l">STACKS</subfield>
      <subfield code="m">GREEN</subfield>
      <subfield code="q">1</subfield>
      <subfield code="r">Y</subfield>
      <subfield code="s">Y</subfield>
      <subfield code="t">STKS-MONO</subfield>
      <subfield code="u">5/4/2005</subfield>
      <subfield code="x">RECYCLE</subfield>
      <subfield code="z">DIGI-SENT</subfield>
    </datafield>
  </record>