
  <record>
    <leader>01854nea a2200421Ka 45 0</leader>
    <controlfield tag="001">a6280316</controlfield>
    <controlfield tag="006">m        u        </controlfield>
    <controlfield tag="007">aj canzn</controlfield>
    <controlfield tag="007">cr cn----anauu</controlfield>
    <controlfield tag="008">050825m18911895dcud      a  fs 0   eng d</controlfield>
    <datafield tag="034" ind1="1" ind2=" ">
      <subfield code="a">a</subfield>
      <subfield code="b">633600</subfield>
      <subfield code="d">W0931500</subfield>
      <subfield code="e">W0882800</subfield>
      <subfield code="f">N0352300</subfield>
      <subfield code="g">N0330700</subfield>
    </datafield>
    <datafield tag="035" ind1=" " ind2=" ">
      <subfield code="a">(OCoLC-M)61344172</subfield>
    </datafield>
    <datafield tag="040" ind1=" " ind2=" ">
      <subfield code="a">CUY</subfield>
      <subfield code="c">CUY</subfield>
    </datafield>
    <datafield tag="052" ind1=" " ind2=" ">
      <subfield code="a">4000</subfield>
    </datafield>
    <datafield tag="052" ind1=" " ind2=" ">
      <subfield code="a">3980</subfield>
    </datafield>
    <datafield tag="052" ind1=" " ind2=" ">
      <subfield code="a">3960</subfield>
    </datafield>
    <datafield tag="110" ind1="1" ind2=" ">
      <subfield code="a">United States.</subfield>
      <subfield code="b">War Dept.</subfield>
    </datafield>
    <datafield tag="245" ind1="1" ind2="0">
      <subfield code="a">General topographical map.</subfield>
      <subfield code="n">Sheet XIX</subfield>
      <subfield code="h">[electronic resource] :</subfield>
      <subfield code="b">[parts of Arkansas, Mississippi and Tennessee] /</subfield>
      <subfield code="c">Julius Bien &amp; Co., Lith., N.Y.</subfield>
    </datafield>
    <datafield tag="255" ind1=" " ind2=" ">
      <subfield code="a">Scale [1:633,600]. 10 mi to 1 in.</subfield>
      <subfield code="c">( W 93⁰15'--W 88⁰28'/N 35⁰23'--N 33⁰07').</subfield>
    </datafield>
    <datafield tag="260" ind1=" " ind2=" ">
      <subfield code="c">[1891-1895].</subfield>
    </datafield>
    <datafield tag="500" ind1=" " ind2=" ">
      <subfield code="a">Relief shown by hachures.</subfield>
    </datafield>
    <datafield tag="500" ind1=" " ind2=" ">
      <subfield code="a">Scanned raster image of original: 1 map : col. ; 41 x 69 cm.</subfield>
    </datafield>
    <datafield tag="500" ind1=" " ind2=" ">
      <subfield code="a">Original in the David Rumsey Collection; scanned by Cartography Associates.</subfield>
    </datafield>
    <datafield tag="596" ind1=" " ind2=" ">
      <subfield code="a">22</subfield>
    </datafield>
    <datafield tag="651" ind1=" " ind2="0">
      <subfield code="a">Arkansas</subfield>
      <subfield code="v">Maps.</subfield>
    </datafield>
    <datafield tag="651" ind1=" " ind2="0">
      <subfield code="a">Mississippi</subfield>
      <subfield code="v">Maps.</subfield>
    </datafield>
    <datafield tag="651" ind1=" " ind2="0">
      <subfield code="a">Tennessee</subfield>
      <subfield code="v">Maps.</subfield>
    </datafield>
    <datafield tag="691" ind1=" " ind2=" ">
      <subfield code="a">Arkansas</subfield>
      <subfield code="v">Maps</subfield>
      <subfield code="y">1891.</subfield>
    </datafield>
    <datafield tag="691" ind1=" " ind2=" ">
      <subfield code="a">Mississippi</subfield>
      <subfield code="v">Maps</subfield>
      <subfield code="y">1891.</subfield>
    </datafield>
    <datafield tag="691" ind1=" " ind2=" ">
      <subfield code="a">Tennessee</subfield>
      <subfield code="v">Maps</subfield>
      <subfield code="y">1891.</subfield>
    </datafield>
    <datafield tag="700" ind1="1" ind2=" ">
      <subfield code="a">Cowles, Calvin D.</subfield>
      <subfield code="q">(Calvin Duvall),</subfield>
      <subfield code="d">1849-</subfield>
    </datafield>
    <datafield tag="710" ind1="2" ind2=" ">
      <subfield code="a">Julius Bien &amp; Co.</subfield>
    </datafield>
    <datafield tag="710" ind1="2" ind2=" ">
      <subfield code="a">David Rumsey Collection.</subfield>
    </datafield>
    <datafield tag="710" ind1="2" ind2=" ">
      <subfield code="a">Cartography Associates.</subfield>
    </datafield>
    <datafield tag="773" ind1="0" ind2=" ">
      <subfield code="a">United States. War Dept.</subfield>
      <subfield code="t">Atlas to accompany the official records of the Union and Confederate armies.</subfield>
      <subfield code="d">Washington : Government Printing Office, 1891-1895.</subfield>
      <subfield code="g">pl. CLIV.</subfield>
      <subfield code="w">(OCoLC)57409693</subfield>
    </datafield>
    <datafield tag="856" ind1="4" ind2="0">
      <subfield code="u">http://www.davidrumsey.com/insightredirector/insightredirector.asp?cid=8&amp;iia=0&amp;ig=David%20Rumsey%20Collection&amp;isl=0&amp;gwisp=0%7CList%5FNo%7CList%20No%7C1%7C1780.157%7C2&amp;gwia=3&amp;gc=0</subfield>
    </datafield>
    <datafield tag="994" ind1=" " ind2=" ">
      <subfield code="a">C0</subfield>
      <subfield code="b">STF</subfield>
    </datafield>
    <datafield tag="999" ind1=" " ind2=" ">
      <subfield code="a">INTERNET RESOURCE</subfield>
      <subfield code="w">ASIS</subfield>
      <subfield code="c">1</subfield>
      <subfield code="i">6280316-1001</subfield>
      <subfield code="l">INTERNET</subfield>
      <subfield code="m">SUL</subfield>
      <subfield code="p">$300.00</subfield>
      <subfield code="r">N</subfield>
      <subfield code="s">Y</subfield>
      <subfield code="t">SUL</subfield>
      <subfield code="u">1/19/2006</subfield>
      <subfield code="z">TAX=8.25</subfield>
    </datafield>
  </record>