
  <record>
    <leader>00774cam a2200193Mi 45 0</leader>
    <controlfield tag="001">a6493823</controlfield>
    <controlfield tag="008">060502s2005    mx            000 0 spa d</controlfield>
    <datafield tag="020" ind1=" " ind2=" ">
      <subfield code="a">9709427512</subfield>
    </datafield>
    <datafield tag="040" ind1=" " ind2=" ">
      <subfield code="a">PL#</subfield>
      <subfield code="b">spa</subfield>
      <subfield code="c">PL#</subfield>
    </datafield>
    <datafield tag="100" ind1="1" ind2=" ">
      <subfield code="a">Mendoza Muñoz, Jesús.</subfield>
    </datafield>
    <datafield tag="245" ind1="1" ind2="3">
      <subfield code="a">El Conde de Sierra Gorda Don José de Escandón y La Helguera :</subfield>
      <subfield code="b">militar, noble y caballero /</subfield>
      <subfield code="c">Jesús Mendoza Muñoz.</subfield>
    </datafield>
    <datafield tag="250" ind1=" " ind2=" ">
      <subfield code="a">1a. ed.</subfield>
    </datafield>
    <datafield tag="260" ind1=" " ind2=" ">
      <subfield code="a">Querétaro. Querétaro :</subfield>
      <subfield code="b">Fomento Histórico y Cultural de Cadereyta,</subfield>
      <subfield code="c">2005.</subfield>
    </datafield>
    <datafield tag="300" ind1=" " ind2=" ">
      <subfield code="a">261 p. ;</subfield>
      <subfield code="c">22 cm.</subfield>
    </datafield>
    <datafield tag="596" ind1=" " ind2=" ">
      <subfield code="a">1</subfield>
    </datafield>
    <datafield tag="653" ind1=" " ind2=" ">
      <subfield code="a">Escandón y la Helguera, José de.</subfield>
      <subfield code="a">Biografía</subfield>
    </datafield>
    <datafield tag="693" ind1=" " ind2=" ">
      <subfield code="a">Colonists</subfield>
      <subfield code="a">Tamaulipas, Mexico</subfield>
    </datafield>
    <datafield tag="994" ind1=" " ind2=" ">
      <subfield code="a">Z0</subfield>
      <subfield code="b">STF</subfield>
    </datafield>
    <datafield tag="999" ind1=" " ind2=" ">
      <subfield code="a">F1356 .M464 2005</subfield>
      <subfield code="w">LC</subfield>
      <subfield code="c">1</subfield>
      <subfield code="i">36105122224160</subfield>
      <subfield code="d">8/8/2006</subfield>
      <subfield code="e">7/25/2006</subfield>
      <subfield code="l">STACKS</subfield>
      <subfield code="m">GREEN</subfield>
      <subfield code="n">1</subfield>
      <subfield code="r">Y</subfield>
      <subfield code="s">Y</subfield>
      <subfield code="t">STKS-MONO</subfield>
      <subfield code="u">6/21/2006</subfield>
      <subfield code="x">RECYCLE</subfield>
      <subfield code="z">TAX=8.25</subfield>
    </datafield>
  </record>