
  <record>
    <leader>00771cam a22002171a 4500</leader>
    <controlfield tag="001">a6676531</controlfield>
    <controlfield tag="008">060727s1982    ja a          000 0ajpn  </controlfield>
    <datafield tag="010" ind1=" " ind2=" ">
      <subfield code="a">   82173926</subfield>
    </datafield>
    <datafield tag="020" ind1=" " ind2=" ">
      <subfield code="c">Y1800</subfield>
    </datafield>
    <datafield tag="035" ind1=" " ind2=" ">
      <subfield code="a">(OCoLC-M)10271975</subfield>
    </datafield>
    <datafield tag="035" ind1=" " ind2=" ">
      <subfield code="a">(OCoLC-I)164311109</subfield>
    </datafield>
    <datafield tag="040" ind1=" " ind2=" ">
      <subfield code="d">CStRLIN</subfield>
      <subfield code="d">CSt</subfield>
    </datafield>
    <datafield tag="050" ind1="0" ind2="0">
      <subfield code="a">RD35.H34 1982</subfield>
    </datafield>
    <datafield tag="100" ind1="1" ind2=" ">
      <subfield code="6">880-01</subfield>
      <subfield code="a">Harada, Tōmin.</subfield>
    </datafield>
    <datafield tag="245" ind1="1" ind2="0">
      <subfield code="6">880-02</subfield>
      <subfield code="a">Hiroshima rekitei :</subfield>
      <subfield code="b">gekai no kaisō /</subfield>
      <subfield code="c">Harada Tōmin cho.</subfield>
    </datafield>
    <datafield tag="260" ind1=" " ind2=" ">
      <subfield code="6">880-03</subfield>
      <subfield code="a">Tokyo :</subfield>
      <subfield code="b">Miraisha,</subfield>
      <subfield code="c">1982.</subfield>
    </datafield>
    <datafield tag="300" ind1=" " ind2=" ">
      <subfield code="a">253 p. :</subfield>
      <subfield code="b">ill. ;</subfield>
      <subfield code="c">20 cm.</subfield>
    </datafield>
    <datafield tag="596" ind1=" " ind2=" ">
      <subfield code="a">26</subfield>
    </datafield>
    <datafield tag="600" ind1="1" ind2="0">
      <subfield code="6">880-04</subfield>
      <subfield code="a">Harada, Tōmin.</subfield>
    </datafield>
    <datafield tag="650" ind1=" " ind2="0">
      <subfield code="a">Surgeons</subfield>
      <subfield code="z">Japan</subfield>
      <subfield code="v">Biography.</subfield>
    </datafield>
    <datafield tag="999" ind1=" " ind2=" ">
      <subfield code="a">RD35 .H34 1982</subfield>
      <subfield code="w">LC</subfield>
      <subfield code="c">1</subfield>
      <subfield code="i">36105095758004</subfield>
      <subfield code="l">JAPANESE</subfield>
      <subfield code="m">EAST-ASIA</subfield>
      <subfield code="r">Y</subfield>
      <subfield code="s">Y</subfield>
      <subfield code="t">STKS-MONO</subfield>
      <subfield code="u">11/10/2006</subfield>
      <subfield code="z">TAX=8.25</subfield>
      <subfield code="o">.TECHSTAFF. COMMENT.Backstage Library Works recon 10/31/2006</subfield>
    </datafield>
  </record>