
  <record>
    <leader>01027cam a2200265 a 4500</leader>
    <controlfield tag="001">a6808639</controlfield>
    <controlfield tag="008">070521s1999    cc            000 0 chi  </controlfield>
    <datafield tag="020" ind1=" " ind2=" ">
      <subfield code="a">7503520515 :</subfield>
      <subfield code="c">RMBY14.00</subfield>
    </datafield>
    <datafield tag="020" ind1=" " ind2=" ">
      <subfield code="a">9787503520518</subfield>
    </datafield>
    <datafield tag="035" ind1=" " ind2=" ">
      <subfield code="a">(OCoLC-M)84657156</subfield>
    </datafield>
    <datafield tag="035" ind1=" " ind2=" ">
      <subfield code="a">(OCoLC-I)170704362</subfield>
    </datafield>
    <datafield tag="040" ind1=" " ind2=" ">
      <subfield code="a">CSt</subfield>
      <subfield code="c">CSt</subfield>
    </datafield>
    <datafield tag="043" ind1=" " ind2=" ">
      <subfield code="a">a-cc---</subfield>
    </datafield>
    <datafield tag="050" ind1=" " ind2="4">
      <subfield code="a">JQ1519.A5</subfield>
      <subfield code="b">J54 1999</subfield>
    </datafield>
    <datafield tag="090" ind1=" " ind2=" ">
      <subfield code="a">JQ1519.A5</subfield>
      <subfield code="b">J54 1999</subfield>
    </datafield>
    <datafield tag="245" ind1="0" ind2="0">
      <subfield code="6">880-01</subfield>
      <subfield code="a">Jia qiang he gai jin si xiang zheng zhi gong zuo xue xi du ben /</subfield>
      <subfield code="c">Chen Junhong zhu bian.</subfield>
    </datafield>
    <datafield tag="250" ind1=" " ind2=" ">
      <subfield code="6">880-02</subfield>
      <subfield code="a">Di 1 ban.</subfield>
    </datafield>
    <datafield tag="260" ind1=" " ind2=" ">
      <subfield code="6">880-03</subfield>
      <subfield code="a">Beijing Shi :</subfield>
      <subfield code="b">Zhong gong zhong yan dang xiao chu ban she,</subfield>
      <subfield code="c">1999.</subfield>
    </datafield>
    <datafield tag="300" ind1=" " ind2=" ">
      <subfield code="a">5, 6, 251 p. :</subfield>
      <subfield code="b">ill. ;</subfield>
      <subfield code="c">20 cm.</subfield>
    </datafield>
    <datafield tag="596" ind1=" " ind2=" ">
      <subfield code="a">26</subfield>
    </datafield>
    <datafield tag="610" ind1="2" ind2="0">
      <subfield code="6">880-04</subfield>
      <subfield code="a">Zhongguo gong chan dang</subfield>
      <subfield code="x">Party work.</subfield>
    </datafield>
    <datafield tag="651" ind1=" " ind2="0">
      <subfield code="a">China</subfield>
      <subfield code="x">Politics and government</subfield>
      <subfield code="y">1976-</subfield>
    </datafield>
    <datafield tag="700" ind1="1" ind2=" ">
      <subfield code="6">880-05</subfield>
      <subfield code="a">Chen, Junhong.</subfield>
    </datafield>
    <datafield tag="852" ind1="0" ind2=" ">
      <subfield code="a">CSt</subfield>
      <subfield code="b">EAST-ASIA</subfield>
      <subfield code="h">JQ1519.A5</subfield>
      <subfield code="i">J54 1999</subfield>
      <subfield code="x">CIN=ALY; OID=ALY</subfield>
    </datafield>
    <datafield tag="999" ind1=" " ind2=" ">
      <subfield code="a">JQ1519 .A5 J54 1999</subfield>
      <subfield code="w">LC</subfield>
      <subfield code="c">1</subfield>
      <subfield code="i">36105127061906</subfield>
      <subfield code="d">1/7/2008</subfield>
      <subfield code="e">12/17/2007</subfield>
      <subfield code="l">CHINESE</subfield>
      <subfield code="m">EAST-ASIA</subfield>
      <subfield code="r">Y</subfield>
      <subfield code="s">Y</subfield>
      <subfield code="t">STKS-MONO</subfield>
      <subfield code="u">5/22/2007</subfield>
      <subfield code="z">DIGI-SENT</subfield>
    </datafield>
  </record>