
  <record>
    <leader>01102cam a2200289Li 4500</leader>
    <controlfield tag="001">a7233951</controlfield>
    <controlfield tag="008">980209s1851    ohu     s     00| 0 eng u</controlfield>
    <datafield tag="035" ind1=" " ind2=" ">
      <subfield code="a">(CSt-L)L124341</subfield>
    </datafield>
    <datafield tag="040" ind1=" " ind2=" ">
      <subfield code="b">eng</subfield>
      <subfield code="d">CSt-L</subfield>
    </datafield>
    <datafield tag="100" ind1="1" ind2=" ">
      <subfield code="a">Smith, H. L.</subfield>
    </datafield>
    <datafield tag="245" ind1="1" ind2="4">
      <subfield code="a">The Scientific relations of homeopathy</subfield>
      <subfield code="h">[print/digital] :</subfield>
      <subfield code="b">an introductory lecture delivered before the Western College of Homeopathic Medicine /</subfield>
      <subfield code="c">published by request of the class 1851-52.</subfield>
    </datafield>
    <datafield tag="260" ind1=" " ind2=" ">
      <subfield code="a">Cleveland :</subfield>
      <subfield code="b">Harris :</subfield>
      <subfield code="b">Fairbanks,</subfield>
      <subfield code="c">1851.</subfield>
    </datafield>
    <datafield tag="300" ind1=" " ind2=" ">
      <subfield code="a">30 p. ;</subfield>
      <subfield code="c">22 cm.</subfield>
    </datafield>
    <datafield tag="596" ind1=" " ind2=" ">
      <subfield code="a">29</subfield>
    </datafield>
    <datafield tag="650" ind1="1" ind2="2">
      <subfield code="a">Homeopathy</subfield>
    </datafield>
    <datafield tag="655" ind1=" " ind2="4">
      <subfield code="a">Fulltext</subfield>
    </datafield>
    <datafield tag="655" ind1=" " ind2="4">
      <subfield code="a">Internet Resource</subfield>
    </datafield>
    <datafield tag="655" ind1=" " ind2="4">
      <subfield code="a">Lectures</subfield>
    </datafield>
    <datafield tag="791" ind1="2" ind2=" ">
      <subfield code="a">Western Homeopathic College (Cleveland, Ohio).</subfield>
      <subfield code="e">locale.</subfield>
    </datafield>
    <datafield tag="852" ind1=" " ind2=" ">
      <subfield code="a">CSt-L</subfield>
      <subfield code="b">ANNEX</subfield>
      <subfield code="c">SAL3</subfield>
      <subfield code="h">X578</subfield>
      <subfield code="i">.S64 1851</subfield>
    </datafield>
    <datafield tag="852" ind1=" " ind2=" ">
      <subfield code="a">CSt-L</subfield>
      <subfield code="b">ACCESS</subfield>
      <subfield code="c">EDATA</subfield>
      <subfield code="z">Google Books</subfield>
    </datafield>
    <datafield tag="856" ind1="4" ind2="1">
      <subfield code="u">http://books.google.com/books?vid=Stanford24503372150&amp;printsec=titlepage</subfield>
      <subfield code="y">Fulltext</subfield>
    </datafield>
    <datafield tag="946" ind1=" " ind2=" ">
      <subfield code="b">SAL3</subfield>
      <subfield code="h">X578</subfield>
      <subfield code="i">.S64 1851</subfield>
    </datafield>
    <datafield tag="946" ind1=" " ind2=" ">
      <subfield code="b">EDATA</subfield>
    </datafield>
    <datafield tag="947" ind1="4" ind2="7">
      <subfield code="a">Pamphlet</subfield>
    </datafield>
    <datafield tag="947" ind1="7" ind2="7">
      <subfield code="a">Subset, Scanned 2006</subfield>
    </datafield>
    <datafield tag="999" ind1=" " ind2=" ">
      <subfield code="a">X578 .S64 1851</subfield>
      <subfield code="w">LC</subfield>
      <subfield code="c">1</subfield>
      <subfield code="i">LL124341</subfield>
      <subfield code="l">ASK@LANE</subfield>
      <subfield code="m">LANE-MED</subfield>
      <subfield code="r">N</subfield>
      <subfield code="s">Y</subfield>
      <subfield code="t">MEDICAL</subfield>
      <subfield code="u">3/30/2008</subfield>
    </datafield>
  </record>