
  <record>
    <leader>00719cam a2200241Li 4500</leader>
    <controlfield tag="001">a7370014</controlfield>
    <controlfield tag="008">980209s1969    sz            00| 0 ger u</controlfield>
    <datafield tag="035" ind1=" " ind2=" ">
      <subfield code="a">(CSt-L)L94379</subfield>
    </datafield>
    <datafield tag="040" ind1=" " ind2=" ">
      <subfield code="b">eng</subfield>
      <subfield code="d">CSt-L</subfield>
    </datafield>
    <datafield tag="100" ind1="1" ind2=" ">
      <subfield code="a">Schwarz, K. J.</subfield>
    </datafield>
    <datafield tag="245" ind1="1" ind2="0">
      <subfield code="a">Experimentelle Untersuchung zur Photoallergie gegen Sulfanilamid und Chlorpromazin</subfield>
      <subfield code="h">[print].</subfield>
    </datafield>
    <datafield tag="246" ind1="3" ind2="0">
      <subfield code="a">Photoallergie</subfield>
    </datafield>
    <datafield tag="260" ind1=" " ind2=" ">
      <subfield code="a">Basel,</subfield>
      <subfield code="c">1969.</subfield>
    </datafield>
    <datafield tag="300" ind1=" " ind2=" ">
      <subfield code="a">p. ;</subfield>
      <subfield code="c">cm.</subfield>
    </datafield>
    <datafield tag="596" ind1=" " ind2=" ">
      <subfield code="a">29</subfield>
    </datafield>
    <datafield tag="650" ind1="1" ind2="2">
      <subfield code="a">nomesh</subfield>
    </datafield>
    <datafield tag="653" ind1=" " ind2=" ">
      <subfield code="a">Chlorpromazin</subfield>
    </datafield>
    <datafield tag="653" ind1=" " ind2=" ">
      <subfield code="a">Sulfanilamide</subfield>
    </datafield>
    <datafield tag="852" ind1=" " ind2=" ">
      <subfield code="a">CSt-L</subfield>
      <subfield code="b">PER</subfield>
      <subfield code="c">COM</subfield>
    </datafield>
    <datafield tag="899" ind1=" " ind2="0">
      <subfield code="a">Dermatologica ;</subfield>
      <subfield code="d">1969;</subfield>
      <subfield code="v">139(suppl 1)</subfield>
      <subfield code="9">(CSt-L)L31861</subfield>
    </datafield>
    <datafield tag="946" ind1=" " ind2=" ">
      <subfield code="b">COM</subfield>
    </datafield>
    <datafield tag="947" ind1="4" ind2="7">
      <subfield code="a">Book</subfield>
    </datafield>
    <datafield tag="999" ind1=" " ind2=" ">
      <subfield code="a">NO CALL NUMBER</subfield>
      <subfield code="w">LC</subfield>
      <subfield code="c">1</subfield>
      <subfield code="i">LL94379</subfield>
      <subfield code="l">ASK@LANE</subfield>
      <subfield code="m">LANE-MED</subfield>
      <subfield code="r">N</subfield>
      <subfield code="s">Y</subfield>
      <subfield code="t">MEDICAL</subfield>
      <subfield code="u">3/30/2008</subfield>
    </datafield>
  </record>