
  <record>
    <leader>01119nam a22002654a 4500</leader>
    <controlfield tag="001">a7531910</controlfield>
    <controlfield tag="006">m        u        </controlfield>
    <controlfield tag="007">cr cn|||||||||</controlfield>
    <controlfield tag="008">001205s2001    caua    sb    001 0 eng  </controlfield>
    <datafield tag="020" ind1=" " ind2=" ">
      <subfield code="z">0761532986</subfield>
    </datafield>
    <datafield tag="040" ind1=" " ind2=" ">
      <subfield code="a">CaPaEBR</subfield>
      <subfield code="c">CaPaEBR</subfield>
    </datafield>
    <datafield tag="050" ind1="1" ind2="4">
      <subfield code="a">QA76.76.C672</subfield>
      <subfield code="b">B367 2001eb</subfield>
    </datafield>
    <datafield tag="082" ind1="0" ind2="4">
      <subfield code="a">794.8/15265</subfield>
      <subfield code="2">21</subfield>
    </datafield>
    <datafield tag="100" ind1="1" ind2=" ">
      <subfield code="a">Barron, Todd.</subfield>
    </datafield>
    <datafield tag="245" ind1="1" ind2="0">
      <subfield code="a">Multiplayer game programming</subfield>
      <subfield code="h">[electronic resource] /</subfield>
      <subfield code="c">Todd Barron.</subfield>
    </datafield>
    <datafield tag="260" ind1=" " ind2=" ">
      <subfield code="a">Roseville, CA :</subfield>
      <subfield code="b">Prima Tech,</subfield>
      <subfield code="c">c2001.</subfield>
    </datafield>
    <datafield tag="300" ind1=" " ind2=" ">
      <subfield code="a">xxx, 784 p. :</subfield>
      <subfield code="b">ill. ;</subfield>
      <subfield code="c">24 cm.</subfield>
    </datafield>
    <datafield tag="440" ind1=" " ind2="0">
      <subfield code="a">Prima Tech's game development</subfield>
    </datafield>
    <datafield tag="504" ind1=" " ind2=" ">
      <subfield code="a">Includes bibliographical references and index.</subfield>
    </datafield>
    <datafield tag="533" ind1=" " ind2=" ">
      <subfield code="a">Electronic reproduction.</subfield>
      <subfield code="b">Palo Alto, Calif. :</subfield>
      <subfield code="c">ebrary,</subfield>
      <subfield code="d">2005. </subfield>
      <subfield code="n">Available via World Wide Web.</subfield>
      <subfield code="n">Access may be limited to ebrary affiliated libraries.</subfield>
    </datafield>
    <datafield tag="596" ind1=" " ind2=" ">
      <subfield code="a">22</subfield>
    </datafield>
    <datafield tag="650" ind1=" " ind2="0">
      <subfield code="a">Computer games</subfield>
      <subfield code="x">Programming.</subfield>
    </datafield>
    <datafield tag="710" ind1="2" ind2=" ">
      <subfield code="a">ebrary, Inc.</subfield>
    </datafield>
    <datafield tag="856" ind1="4" ind2="0">
      <subfield code="z">Available to Stanford-affiliated users at:</subfield>
      <subfield code="u">http://site.ebrary.com/lib/stanford/Doc?id=10082094</subfield>
      <subfield code="x">eLoaderURL</subfield>
      <subfield code="x">eb4</subfield>
      <subfield code="x">ebebr10082094</subfield>
    </datafield>
    <datafield tag="999" ind1=" " ind2=" ">
      <subfield code="a">INTERNET RESOURCE</subfield>
      <subfield code="w">ASIS</subfield>
      <subfield code="c">1</subfield>
      <subfield code="i">7531910-1001</subfield>
      <subfield code="l">INTERNET</subfield>
      <subfield code="m">SUL</subfield>
      <subfield code="r">N</subfield>
      <subfield code="s">Y</subfield>
      <subfield code="t">SUL</subfield>
      <subfield code="u">5/3/2008</subfield>
      <subfield code="z">TAX=8.25</subfield>
    </datafield>
  </record>