
  <record>
    <leader>00880cam a2200229K  45 0</leader>
    <controlfield tag="001">a7651581</controlfield>
    <controlfield tag="008">870518s1946    bl            000 0 por d</controlfield>
    <datafield tag="035" ind1=" " ind2=" ">
      <subfield code="a">(OCoLC)15704148</subfield>
    </datafield>
    <datafield tag="040" ind1=" " ind2=" ">
      <subfield code="a">TRN</subfield>
      <subfield code="c">TRN</subfield>
      <subfield code="d">OCLCQ</subfield>
    </datafield>
    <datafield tag="043" ind1=" " ind2=" ">
      <subfield code="a">s-bl---</subfield>
    </datafield>
    <datafield tag="090" ind1=" " ind2=" ">
      <subfield code="a">PQ9661.P31</subfield>
      <subfield code="b">C6</subfield>
    </datafield>
    <datafield tag="100" ind1="1" ind2=" ">
      <subfield code="a">Coutinho, Frederico dos Reys,</subfield>
      <subfield code="e">ed.</subfield>
    </datafield>
    <datafield tag="245" ind1="1" ind2="3">
      <subfield code="a">As mais belas poesias patrióticas e de exaltação ao Brasil;</subfield>
      <subfield code="b">antologia.</subfield>
      <subfield code="c">Seleção, pref. e notas bio-bibliográficas de Frederico dos Reys Coutinho.</subfield>
    </datafield>
    <datafield tag="260" ind1=" " ind2=" ">
      <subfield code="a">Rio de Janeiro,</subfield>
      <subfield code="b">Casa Editora Vecchi</subfield>
      <subfield code="c">[1946]</subfield>
    </datafield>
    <datafield tag="300" ind1=" " ind2=" ">
      <subfield code="a">437 p.</subfield>
      <subfield code="c">21 cm.</subfield>
    </datafield>
    <datafield tag="596" ind1=" " ind2=" ">
      <subfield code="a">31</subfield>
    </datafield>
    <datafield tag="650" ind1=" " ind2="0">
      <subfield code="a">Patriotic poetry, Brazilian.</subfield>
    </datafield>
    <datafield tag="650" ind1=" " ind2="0">
      <subfield code="a">Poetry of places</subfield>
      <subfield code="z">Brazil.</subfield>
    </datafield>
    <datafield tag="651" ind1=" " ind2="0">
      <subfield code="a">Brazil</subfield>
      <subfield code="x">Description and travel</subfield>
      <subfield code="v">Poetry.</subfield>
    </datafield>
    <datafield tag="690" ind1=" " ind2="4">
      <subfield code="a">Ludwig Lauerhass Jr. Braziliana Collection.</subfield>
    </datafield>
    <datafield tag="994" ind1=" " ind2=" ">
      <subfield code="a">Z0</subfield>
      <subfield code="b">STF</subfield>
    </datafield>
    <datafield tag="999" ind1=" " ind2=" ">
      <subfield code="a">PQ9661 .P31 C6 1946</subfield>
      <subfield code="w">LC</subfield>
      <subfield code="c">1</subfield>
      <subfield code="i">36105129694373</subfield>
      <subfield code="l">INPROCESS</subfield>
      <subfield code="m">SAL3</subfield>
      <subfield code="r">Y</subfield>
      <subfield code="s">Y</subfield>
      <subfield code="t">STKS-MONO</subfield>
      <subfield code="u">8/4/2008</subfield>
    </datafield>
  </record>
</collection>